3248 4980
251 408 290 471 56
668 397 863 466 Epigrammata
882 392 1047 461 sepulcralia.

656 503 666 512 e
682 484 693 521 a

250 614 253 619 ·
329 571 471 629 Videntur
490 559 583 647 χοικοιί
600 567 740 644 adpellari
761 565 867 641 quibus
888 582 940 639 per
960 568 1084 620 aetatem
1100 559 1214 621 Choum
1227 579 1354 639 pompae
1368 580 1470 622 sseree

255 669 396 725 interesse
421 663 516 733 liouit;
546 663 692 722 instabant
711 645 790 731 Χέες,
816 665 848 717 at
866 658 1039 734 priusquam
1059 656 1196 714 adessent
1214 656 1373 732 puellulam
1395 658 1470 716 abri-

252 761 317 843 puit
337 778 424 818 mors.
464 760 538 826 Χοᾶς
558 757 682 817 formam
701 756 764 814 iure
784 752 907 812 mireris.

253 1062 324 1124 158.
365 1064 398 1123 In
420 1067 499 1124 urbe.
540 1061 726 1124 c.1.1025.
767 1061 889 1120 Cornan.
916 1058 1003 1116 2944.

402 1203 560 1293 ‘Hdt'orpc
582 1200 659 1269 τόδε
682 1207 772 1288 σῆμα
797 1200 967 1286 θυγατρὸς
990 1195 1148 1264 παιδικόν
1170 1199 1269 1264 ἐστιν.

328 1353 457 1434 ‘Hilotae
492 1361 552 1418 iure
588 1357 735 1418 Boeelrhio
772 1356 944 1414 adiectivum
982 1354 1104 1412 videtur.
1140 1389 1178 1398 -
1214 1355 1400 1415 Cumanudes
1436 1358 1473 1416 de

258 1449 376 1514 παιδικόν
390 1455 530 1513 vocabulo
544 1455 666 1527 dubitat,
686 1451 763 1528 quod
778 1449 907 1508 additum
922 1454 966 1508 est
987 1456 1017 1507 ut
1030 1457 1111 1508 aetas
1132 1449 1210 1508 filiae
1230 1457 1343 1508 notetur
1358 1451 1472 1510 nomine

258 1548 352 1608 adhue
372 1551 506 1609 carentis.

761 1664 963 1678 .————-

257 1827 328 1888 15⁰.
369 1831 402 1889 Iu
423 1833 498 1891 odeo
519 1833 651 1894 Herodis.
693 1834 815 1893 Guman.
844 1832 928 1891 3519.

390 1977 532 2058 Tpporio'
556 1967 575 2061 ἢ
599 1977 775 2065 διέ]μειιέν
799 1969 996 2059 ἀείμνηστον
1018 1966 1154 2056 τρόπον,
1178 1966 1272 2056 αὕτη·

389 2063 426 2160 ἧς
447 2075 508 2156 μὲν
532 2081 613 2161 σῶμ’
637 2077 698 2163 ἐνὶ]
713 2080 768 2164 yffi
791 2079 925 2163 uptun,
952 2070 1040 2157 ψυχὴ
1063 2070 1091 2135 δ’
1109 2069 1143 2135 ἐν
1160 2066 1346 2156 Ὀλύμηῂρ,

341 2231 528 2293 1....1εινεν.
570 2233 702 2292 reforma
723 2253 797 2310 quae
818 2237 916 2308 aperte
935 2227 989 2285 luit
1010 2226 1080 2284 satis
1100 2225 1206 2282 bonam
1226 2231 1349 2282 aetatem
1381 2225 1474 2283 vindi·

258 2332 304 2379 est
326 2323 419 2384 titulo.
441 2360 479 2370 -
501 2326 653 2387 Structura
673 2329 745 2388 satis
765 2327 837 2384 dura
858 2324 908 2382 sed
928 2341 987 2398 qua
1007 2320 1144 2379 leviorem
1166 2319 1215 2377 vix
1236 2319 1371 2379 invenies.

766 2488 968 2500 ......-..--

263 2617 341 2682 loo.
382 2621 470 2683 Circa
490 2621 667 2698 Cephisiam.
707 2623 787 2681 Ross
807 2621 883 2679 Mus.
903 2619 956 2676 Bt.
978 2616 1049 2675 Vlll
1072 2618 1135 2677 123.

433 2757 565 2840 Ἠέλιος
588 2763 645 2830 καὶ
668 2769 746 2851 γαῖα
769 2762 827 2828 καὶ
850 2755 992 2849 οὐρανὸς
1013 2752 1123 2846 [el-piu
1144 2754 1276 2823 ἔσονται

434 2860 613 2950 μάριυρες,
638 2860 682 2943 ὥς
726 2909 1275 2930 ...........

437 2960 556 3029 οὕνεκα
580 2963 611 3031 oi
637 2965 693 3032 καὶ
716 2964 813 3051 livori
836 3009 1273 3033 .........

438 3063 493 3129 καὶ
519 3066 626 3151 πηγαὶ
650 3070 770 3155 προχ[ε
783 3110 1274 3133 ..........

712 3166 767 3233 σοὶ
787 3160 959 3253 (Ρήγιλλα.

342 3319 390 3378 Ne
419 3324 592 3383 sententiam
622 3325 739 3402 quidem
768 3329 846 3381 oerto
870 3318 957 3377 modo
982 3317 1134 3378 adsecutus
1159 3337 1231 3378 sum.
1279 3321 1351 3383 Sunt
1376 3341 1477 3382 versus

265 3412 393 3474 Herodis
418 3419 507 3477 Attici
533 3419 563 3476 in
583 3420 717 3496 Regillae
743 3417 875 3494 sepulcro
901 3413 947 3471 vel
971 3412 1049 3472 cirea
1078 3414 1221 3473 tumulum
1240 3416 1336 3491 positi.
1376 3415 1480 3474 Potest

266 3506 316 3566 ille
345 3510 466 3571 arbores
494 3514 645 3591 fontesque
674 3519 796 3573 mortem
823 3508 922 3568 uxoris
946 3507 1083 3566 deflentes
1108 3508 1239 3581 finxisse,
1266 3516 1298 3567 ut
1322 3508 1480 3587 Gregorius

269 3601 336 3659 lecit
356 3607 392 3664 Α.
413 3605 445 3664 P.
461 3606 533 3666 Vlll
554 3609 591 3667 97
612 3620 640 3666 et
663 3607 726 3679 129,
747 3605 794 3663 vel
814 3603 914 3663 dolore
933 3601 1077 3660 arefactos
1097 3603 1136 3660 ad
1150 3603 1295 3679 Antiphili
1315 3603 1480 3681 exemplum

269 3696 306 3754 A.
327 3696 361 3756 P.
382 3697 440 3756 Vll
463 3702 526 3773 141,
547 3702 592 3759 vel
613 3702 735 3777 denique
755 3698 877 3757 celebris
896 3697 1115 3773 epigrammatis
1134 3698 1272 3757 homerici
1287 3716 1397 3756 memor
1410 3698 1482 3757 haec

269 3797 364 3862 polest
383 3792 547 3869 scripsisse:
580 3782 677 3852 οὔνεκιί
698 3784 1145 3869 οἶκαὶόἵν1ρ[ε’ἵως(ΔεΝΔΡω
1164 3791 1256 3868 Ross)
1283 3792 1309 3849 κ’
1321 3787 1358 3850 ἔτι
1384 3784 1482 3870 μακροὶ

269 3871 370 3974 τεθήλῃ
402 3876 447 3942 καὶ
473 3879 557 3960 πηγαὶ
582 3887 728 3967 προχέωσιν
751 3874 835 3962 ὕδωρ,
861 3872 969 3962 μνήμην
993 3875 1132 3945 lraruirw.
1179 3884 1246 3959 Quo
1271 3890 1388 3962 sumpto
1415 3905 1441 3943 v.
1464 3886 1482 3943 2

268 3975 340 4033 haec
370 3978 428 4036 fuit
458 3982 598 4039 sententia
626 3993 703 4041 testea
732 3991 813 4039 sunto
835 3989 1004 4054 quantopere
1035 3985 1127 4039 asora
1156 3990 1243 4040 morte
1267 3982 1394 4056 adflictus
1420 3984 1481 4040 aaa.

269 4069 430 4145 Supersunt
449 4090 599 4148 memnon,
624 4083 656 4134 ut
674 4075 774 4136 ludam
799 4060 835 4139 ὥς
861 4092 897 4150 με
915 4062 945 4129 τδ
975 4073 1069 4144 πένθος
1090 4069 1128 4135 ἐπ’
1152 4075 1241 4149 {stilai
1261 4077 1346 4153 τρΰχε
1365 4067 1482 4147 γυναικί.

268 4162 364 4222 Lucos
390 4185 537 4244 aquasque
557 4168 690 4230 invocare
709 4168 839 4249 proclive
858 4176 930 4237 erat,
957 4170 1060 4244 quibus
1080 4170 1194 4231 abunde
1215 4148 1287 4226 villa
1307 4168 1483 4255 Cephisisna

269 4258 410 4328 instructa
430 4269 516 4321 esset.
539 4260 615 4322 Gell.
637 4263 676 4323 N.
696 4268 733 4323 A.
754 4264 768 4321 1
788 4261 816 4320 1.

773 4429 975 4443 ψ
