3204 4966
253 366 316 430 224
697 363 892 432 Epigrammata
909 363 1075 432 sepulcralia.

253 530 322 591 ου.
363 531 484 590 nomae
525 529 557 590 ο.
578 530 602 591 1.
624 530 695 590 οισι
720 531 785 591 0011.
807 514 883 591 aaa
904 528 949 589 111
972 529 1056 589 ιιιυ.

275 682 303 725 a.
387 653 454 739 Τὴν
477 658 646 721 κυανῶπιν
670 658 822 733 Μοῦσαν,
846 649 971 743 οίηδίινα
995 655 1055 744 τὴν
1075 655 1255 742 μελίγηρυν

471 754 581 833 λειτίις
603 752 652 821 ὅδ’
675 754 835 845 ἐξαπίνης
856 754 981 838 τύμβος
1003 747 1146 822 ἄναυδον
1167 751 1244 837 ἔχει,

382 857 438 920 καί
461 862 570 921 κεῖται
592 855 692 935 λίθος
714 848 759 936 ὣς
780 851 800 946 ἡ
825 855 1009 942 πάνοοιρος,
1035 851 1054 943 ἡ
1078 857 1274 944 περίβωτος·

469 960 595 1022 Μοῦσα
619 955 715 1043 καλή,
740 956 849 1045 κούφη
873 958 927 1025 σοί
951 959 1042 1037 κόνις
1063 955 1123 1046 ἥδε
1146 959 1256 1022 πέλοι.

331 1106 460 1174 protome
480 1095 612 1169 feminae,
632 1095 669 1153 ad
690 1095 838 1154 sinistram
858 1097 978 1170 eithara,
998 1097 1037 1154 ad
1057 1096 1190 1156 dextram
1209 1095 1282 1172 lyra

274 1226 305 1290 b,
386 1219 445 1296 Τίς
465 1244 531 1300 μου
552 1217 613 1308 τήν
630 1223 778 1307 Σειρῆνα
801 1219 902 1298 κακὸς
925 1219 1026 1296 κακίις
1048 1216 1179 1305 ἥρπασε
1202 1222 1346 1301 (lulum,-

276 1328 296 1389 6
471 1323 522 1398 τίς
542 1345 608 1402 μου
631 1319 690 1408 την
711 1320 871 1408 γλυκερὴν
893 1318 1024 1408 ἥρπασε
1048 1306 1220 1406 οἰηδονίδα,

383 1421 473 1487 νυκτί
496 1424 559 1509 μιῇ
584 1426 765 1506 ψυχραῖσιν
788 1413 880 1508 ίιφαρ
903 1420 1099 1505 σταμίνεσσι
1122 1421 1299 1504 λυθεῖσαν,

470 1515 565 1599 ὤλεο,
592 1526 726 1596 Μοῦσα,
751 1521 852 1609 ἐτάκη
875 1525 903 1585 δ’
926 1513 1059 1604 ὄμματα
1081 1520 1191 1585 ἐκεῖνα
1213 1520 1282 1601 σέο,

383 1624 438 1690 καί
463 1621 570 1705 στιίμα
594 1623 788 1708 πέφρακται
815 1623 852 1687 τὸ
873 1619 1021 1710 χρύσεον·
1046 1616 1143 1688 οὐδὲν
1164 1617 1208 1686 ἔτ’
1231 1622 1265 1686 ἒν
1287 1624 1343 1688 σοί

258 1730 297 1792 10
473 1723 635 1808 λείψανον
658 1718 697 1789 οὗ
721 1721 905 1811 κά(λ)λους,
931 1718 970 1789 οὐ
994 1722 1118 1811 σοφίης
1141 1723 1289 1788 πέλεται.

382 1822 526 1911 ἓρρεται,
548 1827 719 1912 με’ρμηραι
742 1826 940 1911 θυμαλγέος·
965 1849 1114 1911 αμμοροι
1137 1823 1262 1910 ἐσθλῆς

396 1990 402 2002 ,
471 1925 610 2002 ἐλπίδος
631 1917 820 2011 ἅνθρωποι·
845 1924 953 1989 πάντα
977 1926 1005 1989 ‹l’
1029 1915 1137 2011 ἄδηλα
1160 1923 1267 2011 τύχης·

722 2063 873 2122 Ριινσοίαι
894 2064 1001 2121 Musae.
1110 2133 1112 2138 ¹

331 2210 356 2250 11
377 2192 423 2250 vel
449 2210 486 2250 111
510 2190 628 2250 saeculi.
649 2223 687 2233 -
707 2190 724 2247 5
745 2192 838 2259 κακῶς
863 2181 946 2258 κικίς
974 2188 1093 2262 Gruter,
1118 2180 1201 2258 κακὸς
1228 2176 1311 2259 susis
1337 2188 1472 2249 Gerhard

155 2288 158 2294 “
257 2287 389 2346 Viauonti
405 2285 557 2363 Stephani,
578 2283 700 2360 quorum
720 2303 889 2342 eonsensum
911 2302 1048 2359 spernere
1068 2283 1155 2342 nolui.
1166 2317 1204 2326 -
1216 2284 1231 2340 7
1242 2282 1317 2341 vidit
1330 2282 1473 2359 Stephani

255 2382 327 2440 haec
347 2382 436 2439 verba
455 2379 492 2436 ad
512 2378 603 2436 solam
630 2376 782 2438 lusciniam
806 2377 955 2435 referenda
974 2396 1053 2450 esse,
1079 2377 1124 2435 eui
1145 2395 1232 2452 saepe
1252 2378 1403 2454 ingruente
1423 2377 1473 2435 fri·

255 2493 325 2551 gore
353 2475 410 2531 cita
435 2491 512 2530 mors
537 2479 640 2546 parata
665 2480 716 2527 est
744 2503 779 2515 -
803 2470 838 2526 10
858 2484 1021 2529 ornatore
1041 2469 1148 2530 Gruter
1169 2470 1302 2532 visconti
1322 2470 1473 2549 Stephani,

256 2582 427 2626 ογκειιογε
447 2564 588 2623 Fahretti.
611 2597 645 2605 -
672 2567 700 2621 ll
726 2559 828 2642 ἔρρετιιι
848 2561 934 2622 Geth.
957 2570 986 2622 et
1007 2562 1104 2642 Steph.
1126 2566 1144 2624 i.
1168 2585 1190 2624 u
1213 2561 1307 2644 ἔρρετε.
1329 2565 1471 2640 -Quod

257 2663 375 2721 omnino
396 2660 462 2737 quis
482 2660 511 2716 in
532 2664 593 2716 tam
614 2676 694 2715 aeres
714 2674 746 2714 se
765 2657 927 2733 profuderit
947 2668 1065 2733 questus
1085 2677 1140 2716 non
1161 2665 1256 2735 patet,
1284 2659 1333 2717 vix
1361 2660 1474 2736 integra

256 2764 302 2814 est
321 2755 485 2830 inscriptio;
517 2770 605 2827 quam
627 2751 650 2808 ai
671 2769 734 2808 cum
755 2751 796 2808 eis
822 2770 896 2827 quae
921 2753 1095 2828 praecedunt
1121 2752 1161 2827 (n.
1175 2752 1246 2829 550)
1266 2755 1471 2828 comparaveris

256 2850 379 2908 fortasse
403 2865 513 2905 mecum
538 2847 577 2904 ad
603 2845 724 2902 eundem
751 2845 892 2903 tumulum
917 2845 1063 2922 pertinere
1093 2845 1211 2904 senties:
1243 2846 1302 2904 illic
1334 2855 1470 2924 parentes

255 2942 376 2999 maritus
397 2940 501 2996 fratres
520 2938 611 2997 filiam
632 2955 751 2997 uxorem
771 2957 900 2997 sororem
920 2939 1034 3018 lugent,
1060 2939 1106 2997 hic
1130 2957 1229 2998 omnes
1249 2940 1381 2999 homines
1408 2960 1469 2998 ere-

256 3043 339 3112 ptam
358 3034 413 3092 sibi
433 3033 549 3092 doctam
567 3032 695 3108 puellam
714 3033 836 3109 eiusque
855 3043 947 3092 artem
966 3034 1114 3093 musicam.

256 3362 330 3424 552.
369 3361 490 3421 Romae.
530 3360 563 3423 C.
583 3360 606 3421 Ι.
628 3362 711 3422 6295.

463 3489 644 3575 Φλαβιονηῖ
666 3485 751 3576 ίρωι
776 3486 886 3574 πατὴρ
910 3489 1031 3574 Δῶρος
1051 3484 1128 3552 τόδε
1151 3492 1252 3576 σῆμα,

541 3584 579 3666 ἓξ
598 3587 655 3654 ἐπὶ
678 3592 749 3665 τοῖς
771 3589 840 3653 δέκ’
863 3582 920 3675 ἔτη
941 3590 1049 3670 μοῦνα
1070 3591 1281 3676 βιαιοαμένηι·

459 3695 575 3776 Μοῖρα
598 3687 660 3774 γὰρ
682 3685 851 3765 Αἰολίδος
873 3684 1001 3776 πάτρης
1024 3683 1196 3754 ἀπάνευθε
1222 3688 1374 3778 Μυρίνης

540 3788 637 3872 θάψε
663 3813 695 3853 τε
719 3789 774 3852 καὶ
795 3791 930 3867 μουσῶν
952 3781 1038 3854 εὖνιν
1060 3785 1156 3875 ἔθηκ’
1180 3784 1310 3876 ἀρετῆς.

333 3947 355 3987 11
380 3930 440 3988 tere
465 3927 580 3987 saeculi.
602 3958 636 3968 -
660 3923 787 4000 Elegans
807 3925 960 3983 verborum
980 3933 1010 3984 et
1029 3927 1157 3985 inventio
1176 3939 1204 3984 et
1224 3928 1295 3986 ordo
1321 3937 1379 3999 est;
1410 3947 1468 3986 non

181 4056 186 4063 ·
255 4025 297 4081 sic
309 4027 376 4098 sato
400 4025 544 4096 abreptum
568 4019 690 4093 sepelivit
704 4027 803 4093 pater,
829 4018 880 4078 sed
893 4021 988 4092 satam
1011 4019 1145 4094 sepelivit,
1168 4030 1249 4094 pater
1268 4033 1468 4079 ιιιοουυιιοτυοι

251 4122 351 4192 posuit.
386 4115 528 4174 Moriendi
549 4113 667 4170 verbum
688 4111 809 4169 nullum.

762 4276 957 4288 ἡ*
