3270 4994
671 410 717 464 VI.
750 408 852 480 hymni.
1273 476 1277 485 Ι
1314 414 1373 476 441

164 580 201 637 10
221 598 293 655 quaa
311 597 401 653 rapae
424 579 540 639 Hermes
560 583 711 653 inuenerat,
732 584 856 640 inventae
874 599 939 640 uero
953 578 1110 639 οοοοιλιιοναο
1123 583 1275 640 litterarum
1287 592 1377 657 notae,

163 674 213 732 ltus
234 693 283 749 epo
303 678 417 751 repperi
430 685 608 751 repertaeque
628 675 771 751 ineenlpai,
787 681 893 751 partim
908 676 1107 752 lieroplypbice
1120 695 1191 752 qnae
1206 687 1309 752 mystae
1322 679 1378 735 soli

161 767 361 842 intellegerent,
382 773 490 844 purtim
516 771 641 828 demotiee
661 786 732 843 quaa
751 770 848 844 eulpae
868 774 896 828 ἰνν
912 770 1025 845 publico
1041 780 1165 845 poneret
1187 803 1222 812 -
1247 773 1277 828 λλ
1301 788 1377 829 xara

162 875 221 921 .·.·‘aa
241 862 326 939 lapis,
347 880 405 939 qna
425 862 507 922 nisus
527 862 652 923 lectione
670 863 821 923 Hermann
841 865 966 940 scripsit
982 862 1157 943 ἀσφολέων
1159 864 1326 945 Ερμοῒνος’
1310 855 1377 925 ano‘·

162 961 257 1036 κρυῴοι
271 949 408 1035 ου’ριβολιι
423 952 569 1016 θέλσων
540 979 569 1015 ευ
572 956 672 1037 ρομένιι
685 952 865 1038 ppassulbeeo
879 948 924 1018 alr
938 955 1074 1033 ἔξυσε“
1034 981 1101 1018 narr
1113 949 1207 1039 χαριέξ
1191 960 1241 1034 Eas
1256 948 1377 1038 μέσσοις

193 1038 311 1107 ..οσσιι
331 1071 362 1108 σε
382 1038 480 1129 θιίριοις
500 1047 569 1111 arii.
572 1071 660 1128 ,qua
679 1053 794 1111 ratIone
814 1071 915 1111 vereor
934 1072 971 1111 ne
990 1053 1111 1111 nimium
1132 1053 1217 1112 Isidis
1237 1053 1315 1112 laudi
1329 1056 1377 1114 de·

163 1093 297 1202 trahatur
326 1144 504 1221 nimiumque
533 1144 680 1205 tribuatur
708 1145 849 1218 Hermae3
879 1153 995 1223 mystae
1024 1148 1101 1205 enim
1130 1156 1198 1206 sunt
1226 1147 1378 1209 Isiaci.—

169 1238 202 1295 λλ
221 1228 358 1316 υφοένιισο
378 1240 474 1316 prima
493 1237 610 1316 syllaba
628 1240 769 1317 producta
788 1241 939 1300 serendum
960 1240 1087 1313 videtum
1107 1232 1255 1316 ἐκφοίνοισο
1276 1244 1377 1304 Herm.

164 1349 228 1389 cum
249 1329 390 1409 Sauppio.
403 1366 442 1377 -
456 1321 575 1413 ruptione
597 1333 694 1411 Bergk
715 1333 753 1392 ad
774 1334 901 1395 Crouum
921 1333 1061 1408 relerens3
1084 1337 1136 1395 sed
1156 1336 1281 1413 pluralis
1301 1346 1379 1399 reete

162 1424 258 1496 babet,
279 1424 315 1483 el.
337 1426 426 1503 Apul.
446 1437 555 1489 metam.
575 1426 618 1486 XI
639 1428 657 1486 5
678 1428 767 1487 Isidis
787 1431 876 1488 verba
895 1449 928 1488 en
948 1431 1186 1488 odeum-memma
1213 1437 1379 1491 numinum-

158 1522 258 1594 prr'ma
278 1520 412 1579 coelitum.
444 1521 568 1581 Aliter
559 1543 589 1581 ιιι
611 1522 718 1601 hymno
737 1521 856 1600 Nysaeo
876 1543 923 1601 ap
944 1522 1034 1582 Diod
1056 1524 1074 1584 l
1095 1544 1117 1586 a.
1136 1543 1208 1584 e.—
1209 1525 1269 1584 -15
1283 1527 1379 1603 suppl.

161 1612 334 1691 Sauppe-
348 1615 497 1676 λθιιηοτο
518 1634 569 1675 sen
571 1615 691 1674 tentiam
711 1626 788 1676 recte
807 1617 960 1676 adsecutus
981 1616 1079 1695 Bergk
1099 1619 1238 1678 audacius
1255 1622 1381 1699 correxit

161 1734 183 1789 ῳ
205 1730 270 1768 ποτε
290 1698 390 1785 νηδλέν-
378 1698 451 1768 τ-ιὶν
471 1701 563 1768 οὐτιλν
583 1707 705 1769 ιλνέλινσιι
724 1708 867 1784 γενέθλιον.
901 1709 1023 1799 Cautius
1044 1704 1212 1793 Sauppef
1185 1739 1206 1771 ω
1232 1735 1284 1773 ποτ
1284 1714 1379 1775 ‘lne-

161 1768 230 1871 θές·
218 1791 293 1862 wele
316 1791 405 1863 eureio
426 1797 547 1862 ι’ννέὸλνσο
566 1801 701 1877 γενέθλιον
721 1803 803 1876 κτλὶ,
823 1805 853 1862 λιι
873 1823 907 1862 eo
927 1788 1024 1863 tamen
1043 1804 1144 1879 falsus,
1165 1808 1242 1882 quod
1261 1809 1381 1869 minime

160 1897 261 1957 eodem
281 1916 346 1955 oum
367 1896 485 1955 Osiride
505 1896 553 1955 die
573 1897 628 1956 Isis
647 1906 717 1956 nata
737 1901 788 1964 est,
809 1896 861 1955 sed
882 1905 987 1972 quarto
1012 1904 1081 1972 post
1106 1898 1226 1958 fratrem
1253 1902 1316 1975 die,
1343 1902 1379 1964 cf.

160 1990 298 2052 Plutia.
320 2001 347 2049 et
368 1991 415 2052 Oa.
439 1990 484 2048 12.
523 1989 628 2065 Itaque
648 1987 771 2049 ἄνέλινσιι
790 1989 943 2048 tenendum
963 1996 1022 2062 est,
1047 1991 1121 2048 aieut
1140 1990 1283 2051 dicitnr’
1267 1998 1378 2101 ιινρρρη-

161 2082 205 2159 ξιιι
230 2075 349 2159 lapelee
375 2085 438 2143 sim
464 2081 600 2158 γενέθλιον
626 2074 740 2143 οὔλιον
762 2077 839 2163 ittae
859 2081 960 2142 Herm.
1007 2081 1123 2143 Similia
1147 2103 1200 2162 ego
1224 2087 1319 2162 posui
1340 2123 1378 2133 -

163 2179 197 2237 18
224 2178 420 2238 cincinnatam
446 2177 609 2256 praedicari
633 2177 717 2237 deam
741 2177 814 2237 bene
834 2176 1050 2235 ’intellexerunt
1075 2175 1192 2291 Sauppe
1221 2189 1250 2239 et
1272 2181 1378 2260 Bergk,

160 2291 281 2350 quorum
296 2271 406 2349 prioris
420 2272 653 2360 supplementum
663 2271 766 2348 recepi.
788 2258 958 2339 {bentona
973 2261 1048 2350 ἀμφὶ
1058 2259 1207 2351 spessime
1218 2274 1378 2348 Hermann,

162 2358 280 2446 σοβορος
300 2365 476 2425 adieetivum
497 2365 624 2425 crinibus
650 2371 750 2442 aptum
776 2384 841 2425 esse
865 2383 1041 2442 negara-
1003 2365 1099 2424 -19
1120 2383 1378 2429 aaarnuroaonm

161 2476 321 2520 morsuum:
343 2458 475 2537 βασιλῆος
494 2459 557 2518 iota
576 2461 663 2518 habet
682 2484 698 2534 η
717 2459 834 2519 litterae
853 2458 994 2528 additum,
1014 2459 1090 2518 sieut
1108 2461 1186 2520 inira
1205 2483 1231 2523 v.
1248 2464 1284 2522 39
1305 2471 1379 2524 teste

164 2554 322 2616 Welekero
341 2569 488 2615 ΓοΝιιιΩΝ.
509 2540 609 2634 ὥρονές
628 2552 735 2630 Bergk,
755 2551 945 2630 ζέονρέσβευσεν
964 2551 1064 2613 Herm.
1085 2554 1202 2615 invenit.
1215 2591 1253 2602 -
1267 2557 1305 2617 20
1324 2574 1379 2617 mx

161 2639 215 2719 οιθς
235 2648 336 2708 Herna
357 2647 420 2708 soil.
441 2639 581 2726 θεσμοές,
606 2648 657 2725 qui
681 2647 766 2708 iaeile
785 2665 822 2705 ex
842 2646 982 2707 adieetivo
1007 2646 1175 2726 θεσμοθέτις
1200 2657 1378 2727 repetuntur.

161 2744 241 2804 idem
259 2750 289 2802 et
314 2742 401 2802 huius
421 2751 450 2801 et
474 2742 657 2820 sequentium
682 2743 803 2803 duorum
827 2758 964 2800 versuum
990 2751 1192 2819 argumentum
1216 2746 1380 2821 perspexit;

163 2839 252 2897 verba
271 2835 370 2913 paullo
390 2837 475 2895 aliter
494 2838 641 2896 constitui.
669 2837 772 2897 Voluit
791 2834 868 2895 enim
881 2854 909 2894 v.
924 2833 962 2892 20
979 2824 1034 2904 ruia
1050 2826 1121 2905 οὔτις
1135 2827 1200 2919 ἀνὴρ
1213 2828 1377 2916 κοσιιλιέσει,
1489 2887 1491 2894 ,

161 2931 212 2991 ubi
233 2931 342 2989 vitiosa
362 2939 406 2988 est
424 2928 439 3004 ἦ
460 2919 535 2989 narsi
554 2930 684 3011 τέταρτον
703 2929 828 3011 τροχοῒνν
847 2947 979 3002 oaeeura;
1010 2949 1037 2990 v.
1052 2929 1088 2988 λλ
1110 2950 1175 2990 eum
1198 2933 1311 2994 litteras
1337 2950 1377 2994 no

162 3024 193 3081 in
213 3022 311 3099 lapide
330 3041 395 3081 sese
414 3025 538 3083 nesciret
558 3012 694 3104 θομιίτωρ
714 3011 819 3104 χρένος,
845 3018 907 3083 etit
934 3022 1002 3083 ποτέ
1024 3029 1088 3103 σφιν
1113 3015 1265 3103 ἐμπελιίσει
1290 3020 1378 3091 tite.

164 3114 210 3175 cf.
231 3135 307 3191 quae
326 3112 449 3192 Nysaea
468 3116 522 3176 Isis
542 3115 687 3193 gloriatur
706 3135 753 3192 ap.
775 3116 864 3175 Diod.
886 3117 904 3177 l.
924 3136 947 3175 a.
967 3136 990 3177 a.
1011 3151 1050 3161 —
1070 3117 1183 3196 tesqq.
1203 3125 1233 3178 ia
1253 3124 1321 3180 coeli
1342 3126 1380 3181 ai·

165 3209 295 3282 renueris
309 3208 407 3284 plagis
427 3219 451 3267 et
471 3213 501 3267 ι’νν
519 3219 596 3266 terro
611 3213 792 3267 animantiam
812 3210 908 3268 altrice
921 3213 1000 3268 certis
1014 3209 1117 3284 lapitas
1132 3217 1225 3271 omnia
1239 3217 1376 3278 ordinavi

164 3302 325 3359 Femineum
345 3305 415 3359 mim
434 3312 460 3360 et
486 3301 677 3360 moaenlam'
665 3321 695 3358 aa
720 3320 762 3359 me
786 3305 941 3360 consociato
965 3302 1068 3358 tabee
1093 3305 1167 3377 effeci
1190 3305 1262 3363 tuae
1287 3324 1379 3367 rerum

165 3412 275 3454 currum
293 3396 429 3453 nascendi
447 3405 474 3453 et
492 3396 629 3454 moriende·
647 3395 753 3453 oieibm
773 3412 878 3479 semper
891 3395 1064 3452 duraturum.
1096 3393 1305 3470 Interpretatio
1319 3399 1378 3458 iere

165 3487 289 3564 Sauppii
310 3496 369 3559 est3
389 3487 469 3549 idem
488 3487 640 3548 Plutarchi
661 3488 751 3547 verba
763 3476 950 3600 conparati
970 3504 993 3543 a.
1014 3488 1125 3546 aa&
1146 3476 1184 3545 lli
1204 3481 1251 3547 κοιλ
1271 3490 1379 3569 μητέρο

164 3606 212 3658 την
239 3574 348 3658 σελήνην
373 3585 426 3643 τοῦ
449 3574 558 3664 stirpen
584 3581 702 3641 καλοῦσι
726 3571 773 3639 κοιλ
793 3567 877 3659 piru
896 3574 964 3658 ἔχειν
983 3566 1213 3658 ἆρσενέθηλυν”
1187 3603 1290 3641 οιοντοι.
1331 3583 1375 3645 Gi.

165 3678 252 3737 etiam
279 3678 369 3754 λιρννννν.
394 3676 479 3754 Oepl.
500 3677 578 3749 42,4
604 3677 640 3735 de
660 3673 733 3734 blise
756 3671 842 3731 Isidis
867 3671 930 3730 tilia
954 3663 1080 3747 ιλγνην’
1058 3696 1076 3733 τ
1109 3669 1205 3753 εύιεράν
1229 3699 1260 3734 τε
1279 3672 1379 3752 Μέσην,

166 3762 276 3852 ι’έρρητον
295 3760 475 3830 alveorum-'¹
430 3792 488 3851 -ιιρ
490 3791 556 3830 σινιι
575 3760 622 3828 ael
642 3768 738 3843 θῆλυν,
761 3762 845 3847 boui
864 3753 971 3825 λυσειιν
985 3754 1161 3846 ’1.-ιιιιχον
1128 3769 1215 3828 -28
1234 3784 1379 3830 ΩιΑΝιοιῑι

165 3883 203 3923 xa
224 3911 231 3925 .
252 3910 260 3926 .
283 3909 289 3924 .
312 3909 318 3924 .
339 3881 416 3925 xtort
430 3909 438 3924 .
454 3910 461 3927 .
475 3881 517 3924 02·
538 3911 545 3924 .
568 3907 575 3923 .
597 3855 773 3943 ..nipaelomt
793 3853 982 3940 κοτιιχθονένις
1001 3882 1033 3920 σε
1051 3860 1165 3940 Bergk,
1189 3864 1271 3939 prius
1291 3864 1380 3923 etiam

165 3958 296 4036 Sauppe3
317 3958 441 4018 alterum
460 3977 560 4018 verum
580 3977 638 4016 non
659 3955 781 4015 videtur.
812 3953 1022 4030 Interpretatur
1036 3953 1153 4034 Sauppe
1173 3953 1229 4016 Isis
1250 3977 1298 4033 epo
1313 3977 1378 4017 coa·

165 4054 260 4113 uiliora
280 4072 372 4112 aerem
391 4057 545 4131 torperent
564 4062 588 4110 et
608 4051 729 4110 mliorem
743 4048 891 4119 tumidam,
912 4059 994 4125 atque
1013 4060 1163 4126 tempomm
1176 4056 1245 4109 anai
1259 4070 1377 4111 oceum-

165 4157 221 4204 tum
240 4151 270 4205 ιἰι
290 4149 436 4206 detrimen
456 4146 615 4206 caelestibus
633 4144 769 4203 sideribm
788 4143 865 4200 aedes
881 4143 935 4218 fiai
954 4143 1025 4214 aliis,
1047 4145 1111 4203 aliia
1127 4147 1316 4205 errabundum
1328 4149 1380 4202 iter

160 4244 338 4317 praescripsi
357 4251 439 4318 ratque
458 4249 601 4299 moveatu-
614 4257 670 4315 per
690 4237 823 4296 ον’νοινλιιννι
843 4237 982 4313 obliquum
1001 4238 1136 4314 splendor
1154 4257 1247 4297 eorum
1268 4240 1379 4314 perfeci

164 4332 190 4394 et
211 4338 353 4410 igneorum
373 4345 502 4395 rectorem
522 4350 657 4413 equorum
675 4331 758 4391 aolem
778 4337 807 4391 in
828 4334 957 4393 lucentem
976 4333 1142 4393 arcturum
1159 4336 1322 4392 rotationem
1336 4333 1379 4392 di·
