3270 5034
300 371 370 440 ¹320
729 371 923 443 Epigrammata
939 371 1104 427 dedicatoria.

308 539 387 599 790.
418 540 454 601 In
475 541 601 600 Achaiae
621 541 696 612 vico,
716 540 768 617 qui
787 536 802 613 ἦ
823 531 901 598 κνίτω
917 526 1027 620 ’Δχαΐα
1048 550 1175 615 vocatur,
1197 542 1302 600 veteris
1315 541 1429 618 Dymae
1448 541 1523 602 loco.

307 631 462 711 Rangabes
486 632 571 693 2218.

436 759 561 845 Xcipe]
584 783 654 840 μοι,
679 757 867 847 κά(λ)λισνε
889 759 999 823 καλῶν
1020 753 1148 846 ἠιθέων
1170 758 1397 845 Πολύστρατε,

437 853 598 946 dtamen
620 857 769 940 μάλιστα
791 857 923 924 πάντων
942 852 1103 943 Ἡρακλεῖ
1122 860 1281 945 τετιμὲνε,

436 951 474 1036 ὃς
495 956 616 1044 πάλαι]
640 957 748 1046 δάμης
771 954 825 1023 ὑπ’
849 954 970 1045 αἰχμῆς
995 955 1141 1044 coeptos
1164 961 1382 1035 Mottvtddv„
1473 1026 1483 1043 ,

433 1058 571 1145 πυκνὸν]
590 1052 760 1146 >Αλκείὁηι
782 1057 954 1144 κορύσσων
976 1053 1122 1141 οὐλαμὸν
1143 1057 1370 1147 παραστάτης,

435 1156 528 1245 ἔχχος
550 1155 685 1246 officinas·
706 1155 862 1246 σιδήραν[ι
886 1158 938 1246 τ]ὸ
961 1161 1039 1246 πρὶν
1061 1158 1299 1242 ἕσταμωμέναν.

436 1255 508 1325 ἀλλ’
533 1256 705 1347 ἔθνῃσκες·
730 1259 767 1323 ἐκ
790 1262 833 1346 δ’]
857 1251 908 1346 ἄρ’
932 1252 1041 1325 ὅσσων
1064 1254 1105 1326 αὖ
1128 1260 1236 1347 πάρος
1260 1261 1462 1342 δεδευμένων

433 1355 595 1445 Ἡρακλεῖ
616 1361 782 1446 succinta
805 1360 910 1448 δάκρυ
933 1362 989 1426 καὶ
1012 1360 1133 1449 yoquv
1154 1358 1256 1442 ἴαχεν,

435 1461 580 1543 χαλκέων
601 1458 717 1547 χαίτην
740 1463 768 1526 δ’
792 1454 974 1548 dnthucov
997 1461 1153 1541 ἐσκύθιξε
1176 1461 1350 1546 peroptimus

385 1701 495 1760 Lucem
524 1698 609 1757 titulo
638 1700 787 1778 adspergit
812 1701 976 1760 Pausanias
1001 1699 1059 1759 VII
1084 1702 1128 1774 17,
1152 1703 1170 1760 8
1204 1692 1292 1813 ὄλίχον
1327 1695 1356 1758 δὲ
1390 1690 1437 1779 πρὸ
1473 1703 1528 1759 τοῦ

312 1787 419 1864 αστεως
433 1794 492 1853 ἔστι
513 1817 567 1853 των
580 1788 746 1875 Δυμαίων’
734 1818 761 1853 εν
781 1790 910 1876 defici
875 1818 923 1870 της
942 1790 1007 1853 c‘dcti
1027 1785 1117 1873 τνίῲνς
1137 1783 1320 1910 Σωστρνίτοχ·
1341 1783 1527 1873 μειρνίνιννὸὲ

311 1917 341 1968 ην
360 1897 414 1950 τῶν
434 1883 595 2003 ἐπιχωχιων,
615 1889 751 2002 pectebat
774 1885 803 1948 δὲ
821 1886 1022 1969 Hpcabdcoc'
1011 1878 1143 1969 εραῖμενᾶν
1162 1896 1246 1969 φασιν
1266 1878 1359 1962 auctr,
1379 1882 1435 1962 καί,
1456 1911 1525 1948 απο-

312 1985 401 2046 θανεῖν
420 1975 474 2063 'scip
499 2006 545 2042 τον
569 1971 738 2065 Σωστρατον
755 1981 925 2063 Ηρακλέους
951 1975 1029 2044 ἔτι”
1014 2007 1085 2053 οντος
1111 1974 1187 2064 parci
1211 1975 1368 2063 civbpwnwa
1393 2005 1482 2051 ουτως
1504 1983 1527 2042 ci

311 2103 356 2140 τον
372 2069 564 2159 Hpaxttc‘
530 2100 559 2136 το
581 2099 613 2137 τε
632 2081 731 2158 μνῆμα
752 2067 836 2137 αὐτον
856 2068 969 2137 sicci
938 2100 983 2136 τον
1006 2066 1154 2192 nosquam
1179 2070 1226 2137 usi
1246 2068 1376 2188 ἀπαρχὰς
1397 2066 1449 2135 ant
1470 2100 1527 2136 νων

312 2174 338 2233 ἒν
363 2176 399 2266 τῆ
421 2172 531 2264 aspecti
557 2193 656 2251 τριχων
676 2168 774 2232 δουναι.
814 2165 939 2252 ἐπίθημα
964 2167 993 2229 δὲ
1017 2163 1064 2229 aci
1085 2169 1119 2240 εἰς
1147 2170 1197 2252 ἐμὲ
1217 2169 1255 2233 ἔτι
1274 2159 1361 2247 στηλχ
1381 2193 1412 2229 τε
1431 2163 1462 2244 ἦν
1482 2163 1526 2229 tut

312 2291 360 2327 του
386 2256 521 2346 χώματος
546 2258 592 2324 καὶ
614 2264 755 2345 Ηρακλῆς
779 2264 996 2345 rnamenta.
1036 2263 1146 2338 ἐλέγετο
1172 2262 1240 2324 δὲ(
1220 2290 1257 2335 ως
1283 2265 1304 2324 οἱ
1325 2250 1458 2344 ἐπιχωρια
1478 2257 1527 2323 καὶ

313 2356 464 2435 ἐναγίζουσι
482 2382 522 2419 τω
509 2353 711 2439 Ηῖωστρατῳ.
739 2359 822 2419 Haec
841 2360 912 2419 adeo
931 2380 995 2419 cum
1016 2359 1099 2418 titulo
1119 2362 1282 2419 consentire
1295 2358 1377 2416 vides
1396 2367 1428 2416 ut
1449 2377 1528 2434 quae

312 2455 475 2532 discrepent
499 2460 550 2513 aut
569 2453 732 2512 Pausaniae
757 2454 867 2512 tribuas
893 2454 982 2512 errori
1008 2464 1059 2511 aut
1078 2472 1176 2512 eorum
1201 2474 1220 2511 a
1239 2455 1344 2530 quibus
1365 2452 1415 2510 ille
1435 2451 1527 2510 fando

313 2559 430 2625 accepta
442 2547 564 2607 rettulit.
591 2545 695 2623 Neque
708 2546 786 2604 enim
806 2548 833 2605 is
854 2553 898 2605 est
918 2547 1040 2622 scriptor
1053 2565 1138 2623 quem
1160 2547 1345 2621 Polystratum
1366 2554 1394 2603 ct
1413 2544 1528 2604 Sostra·

313 2654 368 2702 mm
399 2642 518 2700 nomina
545 2641 621 2698 inter
645 2659 677 2698 se
701 2639 864 2699 contudisse
888 2639 1055 2697 incredibile
1075 2640 1121 2714 sit,
1146 2660 1211 2699 cum
1229 2641 1402 2718 praesertim
1421 2639 1524 2715 paullo

314 2743 382 2814 post
391 2738 430 2811 (c.
451 2737 495 2808 17,
509 2734 558 2809 14)
585 2734 621 2792 de
641 2733 776 2794 Sostrate
787 2733 952 2792 Pellenensi
971 2732 1165 2810 olympionice
1184 2737 1360 2793 narrandum
1381 2734 1474 2808 tuerit,
1495 2747 1525 2793 et

313 2829 476 2907 Dymaeos‚
496 2846 616 2904 quorum
637 2827 706 2885 urbs
727 2826 816 2885 variis
835 2833 999 2903 temporum
1013 2827 1263 2887 vicissitudinibus
1276 2835 1345 2904 post
1358 2831 1524 2906 Augustum

312 2923 342 2979 in
363 2921 461 2997 oppidi
482 2920 573 2978 vicive
592 2920 780 2998 exiguitatem
799 2921 917 2980 redacta
936 2927 1007 2994 erat,
1028 2941 1064 2979 ne
1077 2922 1157 2998 ipsos
1171 2923 1288 2999 quidem
1302 2923 1372 2981 satis
1385 2923 1444 2980 iam
1459 2942 1524 2981 rem

313 3014 493 3090 exploratam
512 3012 649 3072 habuisse
668 3014 760 3073 facilis
780 3023 824 3073 cst
842 3015 981 3092 suspicio:
1010 3014 1084 3074 illud
1108 3021 1183 3073 certe
1208 3035 1264 3074 non
1285 3016 1396 3075 videtur
1420 3015 1524 3092 aDy·

312 3108 404 3166 maeis
413 3108 577 3186 conperisse
587 3107 749 3167 Pausanias
758 3108 957 3186 Polystratum
967 3109 997 3167 in
1006 3108 1213 3166 Molinidarum
1222 3127 1320 3185 pugna
1328 3110 1524 3169 cecidisse.—

312 3200 444 3260 Litterae
468 3220 534 3260 cum
557 3203 760 3262 macedonicae
783 3222 871 3280 quam
893 3210 998 3260 vocant
1022 3203 1126 3261 aetatis
1150 3202 1223 3276 sint,
1247 3211 1313 3261 ante
1338 3222 1444 3262 annum
1465 3202 1523 3262 208

313 3296 439 3372 scriptus
459 3296 561 3355 titulus
580 3298 702 3372 videtur,
724 3316 781 3374 quo
801 3298 916 3374 quidem
936 3315 1013 3354 anno
1033 3297 1103 3354 urbs
1123 3296 1208 3354 fidem
1228 3296 1366 3373 Philippo
1385 3296 1448 3373 regi
1461 3316 1523 3355 ser-

314 3396 411 3449 vatam
430 3390 625 3451 Romanorum
651 3391 762 3451 excidio
782 3391 891 3462 luebat,
918 3391 960 3448 eis
982 3396 1076 3448 autem
1097 3408 1170 3465 quae
1189 3391 1321 3467 proxime
1347 3391 1524 3449 antecedunt

311 3485 489 3563 temporibus
509 3485 618 3545 crebris
636 3485 776 3544 Eleorum
792 3485 1016 3561 Aetolorumque
1040 3484 1251 3543 incursionibus
1271 3486 1443 3561 petebantur
1456 3484 1522 3560 Dy-

310 3579 384 3637 maei
405 3579 568 3656 frustraque
588 3582 711 3638 Aratum
731 3578 841 3636 auxilio
862 3580 1014 3650 vocabant,
1035 3578 1126 3636 donec
1145 3596 1171 3636 a
1183 3577 1239 3635 219
1253 3597 1318 3635 cum
1332 3577 1399 3636 Elei
1413 3576 1522 3636 Teicho

310 3671 430 3731 castello
455 3690 547 3749 prope
566 3671 681 3750 Dymen
702 3673 758 3731 sito
778 3679 865 3749 capto
886 3673 942 3732 iam
963 3673 1019 3750 ipsi
1040 3672 1102 3732 urbi
1127 3673 1307 3731 obsidionem
1332 3671 1523 3744 minarentur,

312 3765 556 3823 mercenariorum
575 3784 664 3822 manu
684 3772 785 3824 coacta
803 3764 940 3842 Philippo
953 3785 1019 3842 rege
1039 3766 1147 3825 auxilio
1168 3769 1300 3826 veniente
1337 3765 1436 3822 hostes
1457 3764 1522 3822 feli-

310 3859 380 3917 citer
404 3858 575 3935 fugaverunt
598 3876 740 3934 agrosque
765 3878 864 3917 eorum
887 3859 1009 3937 ingressi
1039 3866 1236 3919 vastaverunt.
1280 3859 1365 3918 Hanc
1395 3858 1523 3917 fortasse

313 3951 467 4008 victoriam
492 3948 654 4026 Polystrati
674 3970 779 4028 operae
798 3954 963 4011 tribuebant
983 3953 1033 4029 qui
1053 3964 1085 4010 ut
1104 3955 1173 4012 olim
1194 3953 1329 4011 Herculis
1349 3953 1392 4011 ita
1412 3952 1521 4010 civium

311 4052 372 4101 tum
394 4030 573 4123 παραπᾶτης
593 4045 752 4117 extitisset3
782 4048 894 4124 gratias
914 4056 1008 4104 autem
1029 4047 1184 4106 reserentes
1204 4046 1283 4105 heroi
1303 4055 1415 4105 veteres
1435 4066 1522 4104 reno·

310 4138 419 4195 rabant
441 4137 564 4195 honores
588 4140 779 4216 restitutoque
803 4141 909 4200 sacello
934 4141 982 4198 diu
1007 4140 1137 4217 neglecto
1166 4139 1281 4198 titulum
1312 4140 1524 4216 inscripserunt

310 4231 340 4287 in
360 4230 402 4286 rei
423 4230 495 4288 bene
515 4237 613 4307 gestae
632 4235 816 4307 memoriam;
836 4254 920 4311 quem
941 4236 995 4294 etsi
1015 4235 1134 4293 mutilus
1153 4234 1189 4292 ad
1202 4252 1256 4291 nos
1269 4233 1400 4310 pervenit
1413 4232 1522 4306 (multo

312 4323 387 4384 enim
409 4323 522 4381 videtur
542 4325 666 4403 amplior
685 4329 799 4406 fuisse),
819 4329 888 4386 boni
907 4334 1004 4387 tamen
1025 4335 1128 4405 poetae
1149 4344 1214 4385 esse
1227 4327 1356 4402 adparet,
1378 4332 1521 4402 tantaque
