3270 4994
502 414 523 468 Ι.
553 414 659 469 termini
677 414 794 468 aedificia
811 415 899 469 fontes
918 420 1021 485 pontes.
1304 420 1366 487 483

147 580 205 638 uisi
226 580 303 639 forte
324 581 401 657 quod
422 581 552 658 spatium
573 584 602 642 in
623 582 724 660 lapide
743 590 812 660 poet
832 582 1024 663 πορευομένους
1044 595 1128 644 vacat
1148 585 1203 644 hoc
1222 605 1276 663 pro
1301 588 1366 646 vul·

148 683 217 752 gata
238 676 469 751 interpunctione
490 683 520 735 et
538 677 660 737 lectione
680 678 776 736 facere
799 679 949 737 videretur.
971 713 1006 722 -
1029 695 1123 738 unxere
1144 681 1220 756 quod
1241 702 1298 740 non
1320 683 1366 758 ¹in·

148 769 253 848 tellego
281 770 392 828 correxi
418 787 456 828 ex
479 791 506 828 v.
522 775 548 830 4.
579 771 663 830 Fecit
682 780 778 829 autem
801 773 974 832 Volumnius
991 767 1132 849 μιναιιοιιι
1146 778 1300 849 praeridit,
1320 776 1367 834 cui

149 863 249 922 Aristo
268 882 374 922 nomen
394 863 458 925 fuit.
478 897 516 908 -
540 867 576 923 10
603 881 759 926 haurion..

149 1138 247 1200 1074.
287 1140 439 1218 Hierapoli
461 1143 615 1223 Phrygiae.
657 1145 735 1203 01.
762 1146 847 1205 3909.

294 1260 440 1345 Ἀσίδος,
454 1264 584 1356 εὐρείης
606 1268 884 1357 αραφεοὲστατον
907 1261 1009 1347 οὖδας
1033 1264 1197 1345 ἁπάντων,

299 1365 438 1453 χαίροις,
461 1368 648 1455 χρασόνιολι
668 1365 845 1456 ‘laodonia
870 1366 990 1435 πότνια
1014 1371 1176 1455 Νυμφῶν,

301 1465 453 1549 νάμασιν,
478 1463 634 1558 ἀμλαιζηοι
659 1471 844 1558 κεκασμένον
864 1517 1199 1534 .......

229 1710 382 1767 crepion
402 1705 551 1766 Chandler
571 1720 599 1767 α
619 1712 709 1769 codex
722 1711 931 1783 Askewianus3
960 1695 1094 1787 ‘reema
1113 1708 1217 1783 smila,
1239 1710 1288 1785 qur
1309 1709 1367 1768 aua

149 1822 266 1880 quoque
286 1801 480 1876 interpolavit.
511 1802 614 1878 ltaque
634 1804 691 1861 etsi
711 1803 816 1860 mirum
836 1813 880 1860 eet
899 1802 979 1859 urbis
1000 1822 1105 1860 nomen
1119 1804 1157 1861 ad
1170 1802 1288 1861 dialecti
1301 1824 1366 1863 nor·

149 1917 228 1955 mam
248 1895 356 1954 inflecti
377 1904 471 1952 tamen
491 1888 621 1973 ‘Irpa'nohr
641 1896 764 1953 fortasse
784 1896 976 1954 scribendum.
990 1887 1024 1938 ²-
1037 1896 1053 1951 3
1068 1903 1227 1954 extremam
1248 1913 1267 1952 u
1288 1897 1367 1955 litte-
1410 1927 1413 1934 ·

150 2011 214 2050 ram
236 2008 309 2047 unus
329 1987 423 2048 Smith
444 1989 567 2055 addico,-
584 1990 744 2047 omieerunt
763 1987 884 2064 reliqui3
904 1987 989 2047 lectio
1009 1989 1097 2065 igitur
1117 1989 1193 2046 haud
1213 2001 1299 2048 certa

150 2269 246 2330 1075.
286 2267 424 2345 Erythris
443 2284 536 2343 prope
555 2285 660 2326 arcem.
700 2269 796 2327 Leban
816 2267 844 2325 V
864 2268 910 2327 58.

549 2384 679 2480 ’Λμαθῇ
704 2389 795 2481 τύχῃ.

237 2492 399 2578 Νύμιμαις
424 2489 570 2556 Ναιάοιν
593 2488 751 2581 &pelopi
766 2518 852 2572 ιινος
875 2491 958 2560 ἔνθα
981 2491 1145 2579 Σιβύλλης

233 2591 366 2680 εἰρήνης
389 2586 494 2680 ἄρξας
516 2587 716 2675 Εἰσοχιανὸς
738 2595 775 2661 τὸ
799 2593 949 2683 πάροιθε

233 2692 398 2771 δαπάναις
421 2690 578 2778 ἑτοίμοις,
602 2689 813 2784 ἀγορανόμος
834 2696 1040 2783 φιλόιιιμος,

232 2790 334 2884 ἄμφω
358 2797 385 2860 δ’
409 2791 564 2882 εὐψοχανς
583 2796 642 2862 σὺν
664 2792 856 2887 Εὗιοχιονῷ
879 2797 977 2863 παιδὶ
1000 2794 1251 2884 αανημομιάρχμ

323 2896 359 2960 ἑκ
382 2896 556 2984 aporiatur
578 2895 674 2963 ἰδίων
696 2904 737 2987 τῇ
762 2897 898 2984 νιαιρίόι
920 2898 958 2965 τὸ
982 2896 1070 2985 ὕδωρ

236 2998 416 3084 φαίὸρονὲν
439 3024 473 3064 ιε
497 3006 645 3084 γραφαῖς
664 2997 895 3088 ἐπικοσμήσας
917 2999 954 3065 τὸ
977 2993 1124 3065 citerior

322 3095 532 3183 μνημόσυνον
553 3102 652 3163 τοῖσι)
675 3105 781 3163 σοῖσιν
804 3098 1053 3181 ἕποσσομένοις.

230 3233 340 3292 Versus
361 3233 522 3291 inconditos
543 3233 677 3291 addendo
697 3235 859 3293 omittendo
879 3235 1050 3311 corrigendo
1075 3234 1106 3291 in
1131 3236 1263 3294 ordinem
1288 3238 1365 3296 redi·

152 3328 258 3405 gebant
273 3326 389 3387 Curtius
409 3336 437 3383 et
452 3325 569 3403 Sauppe
587 3329 650 3383 Act.
671 3331 759 3384 ιοοιοι.
780 3329 830 3386 litt.
854 3328 928 3386 Gott.
951 3327 1025 3385 1859
1047 3326 1119 3384 Vlll
1143 3328 1205 3387 161.
1217 3330 1284 3387 -5
1295 3348 1365 3404 pen-

153 3429 308 3480 tametrum
330 3431 408 3496 puta.
429 3453 467 3463 -
487 3421 505 3479 6
526 3418 641 3479 atheta
667 3420 777 3478 fontem
802 3430 887 3477 antro
913 3420 1041 3477 coercuit
1064 3418 1099 3478 ci.
1126 3419 1282 3478 A,P.v1
1309 3423 1365 3480 334

153 3507 238 3575 οὔλιοι
265 3508 312 3574 καὶ
332 3517 462 3593 Νυμῲοῒν
487 3504 550 3594 ἱερὸς
571 3506 667 3588 ποίγος.
706 3512 851 3590 Nymphis
877 3521 905 3571 et
924 3511 1066 3570 Mercurio
1093 3511 1186 3569 vicina
1204 3512 1367 3588 Herophilo

151 3611 258 3687 sibylla
283 3611 351 3670 ldae
378 3608 484 3667 Troico
503 3609 533 3665 in
554 3607 664 3685 oppido
684 3607 800 3665 condita
821 3606 874 3664 suit
893 3605 995 3682 (Pauo.
1017 3605 1048 3662 X
1072 3605 1115 3678 tt,
1126 3605 1171 3679 6),
1195 3624 1247 3663 nec
1269 3606 1365 3663 minus

151 3705 313 3783 Erythraea
329 3681 439 3778 ’sibylla
465 3702 567 3778 (Paua.
595 3704 612 3762 l.
634 3721 657 3760 ο.
678 3703 725 3779 a),
745 3702 828 3758 iuxta
842 3701 923 3779 cuiue
944 3705 1060 3757 antrum
1081 3697 1281 3776 Eutychianus
1301 3698 1364 3758 lon·

152 3804 212 3858 tem
231 3800 411 3857 instruxerat
430 3798 470 3874 (v.
486 3799 526 3875 l),
546 3817 583 3858 ex
604 3797 739 3875 Nympha
759 3801 830 3854 nata
849 3813 913 3853 ease
939 3794 1094 3852 dicebatur.

153 4080 249 4141 1676.
289 4080 409 4138 Romae.
450 4076 483 4136 C.
504 4078 528 4136 1.
550 4078 634 4138 6191.

259 4205 402 4290 Μέμφις
424 4203 481 4267 καὶ
505 4205 533 4262 Γ
532 4198 646 4279 ελάσις
671 4198 827 4286 Χαρίτων
848 4199 990 4286 λουτρὸν
1012 4195 1088 4265 τόδε
1112 4198 1237 4275 ιιῦξαν.

231 4340 374 4401 Traditur
399 4341 437 4401 ab
462 4339 546 4397 initio
565 4343 713 4418 ,ιιοι-ῑαῲι(
740 4344 770 4396 et
793 4347 866 4399 extr.
886 4352 1070 4412 ruizorum,
1091 4345 1122 4395 ut
1146 4337 1219 4393 duae
1241 4331 1366 4392 lineolae

687 4446 690 4449 ,
842 4445 844 4447 ,
1161 4428 1214 4481 ³1·
