3254 5048
689 383 737 438 111.
761 386 914 455 agonistica.
1338 399 1400 464 389

188 554 322 624 agerent,
349 550 508 609 certamina
532 551 595 610 fore
621 561 652 612 ut
676 554 793 614 omnino
814 555 1037 632 prohiberentur
1043 582 1052 632 ;
1083 563 1262 638 respondent
1286 565 1330 624 illi
1348 571 1406 627 rive

178 643 249 717 fient
269 646 324 702 aive
343 662 397 700 non
411 646 482 719 fleat
501 635 624 722 (ἄγεται,
646 646 696 706 οὐκ
717 644 816 723 ἄγεται
836 652 894 708 atil.
916 640 946 709 τὲ
968 640 1088 728 innmr'v,
1113 656 1148 713 cf.
1171 658 1189 716 l.
1209 677 1231 716 e.
1251 677 1273 719 a.
1301 679 1329 736 p.
1344 661 1404 738 20),

185 738 251 795 cedo
272 737 469 813 Porphyrium,
491 749 520 798 et
540 741 669 801 adiciunt
688 744 727 802 ad
747 744 842 819 ipsum
861 743 1059 822 Porphyrium
1079 753 1207 810 conversi
1227 757 1252 810 ei
1273 757 1333 829 quse
1351 775 1403 813 cc·

182 832 246 904 der,
272 849 348 890 cume
368 850 497 908 pannum
521 839 681 908 prasinum
710 836 765 896 hoc
790 838 867 895 enim
893 857 959 898 esse
983 832 1014 899 ro*
1042 822 1170 921 dqm'otov
1194 847 1405 907 demonstravit

182 924 294 983 Reiske
314 926 351 984 ad
373 924 473 986 Gonst
492 925 600 1006 Porph.
621 929 639 990 l.
660 949 683 988 a.
704 948 727 988 e.
751 948 780 1006 p.
796 932 853 989 344
863 949 906 1008 sq.
948 932 1093 996 Videntur
1117 939 1189 1000 haee
1212 959 1231 998 a
1256 941 1402 1002 seditiosis

183 1018 257 1078 elam
279 1019 444 1098 subscripta
462 1038 535 1082 esse.

688 1286 891 1304 ——u—d.

614 1510 795 1569 tentatura
816 1511 964 1570 erumna.

180 1678 258 1742 936.
303 1687 402 1764 Argis.
429 1684 462 1746 0.
484 1686 507 1743 1.
532 1687 567 1744 17
587 1707 625 1746 ex
645 1687 760 1747 schedis
780 1687 972 1747 Fourmontii.
1001 1689 1107 1750 Melius
1128 1691 1206 1752 Rosa
1224 1697 1307 1756 toscr.
1327 1698 1397 1757 ineu

180 1780 195 1840 Ι
215 1781 253 1839 55
273 1790 302 1840 et
321 1781 417 1839 Lebas
437 1779 466 1838 11
488 1780 551 1841 108.

522 1896 670 1991 ”Aipora
692 1901 837 1991 ἀνέθηκε
861 1897 1008 1992 [rissum

303 2001 510 2094 Ἰσχύ[λ]λου,
534 2007 650 2091 efflet
673 1997 752 2092 Πὸς
772 2010 844 2082 τοῖς
866 2005 1044 2088 canonican
1066 2002 1101 2073 ἐν
1121 2000 1263 2091 ἀέθλοις

307 2104 444 2195 τετράκι
465 2130 502 2172 τε
528 2105 700 2192 [obsideor
723 2102 796 2191 cinq
819 2105 904 2195 no[i]
932 2107 984 2185 δὶς
1004 2107 1062 2174 τὸν
1079 2102 1245 2197 baltredo.

258 2298 278 2338 v
298 2279 407 2339 saeculi
426 2278 519 2337 initio.
560 2276 764 2337 conclamatas
783 2276 869 2336 huius
895 2279 974 2338 tituli
1000 2279 1188 2341 difficultates
1212 2282 1313 2359 paullo
1339 2285 1399 2344 vio·

185 2375 292 2435 lentius
312 2374 425 2433 sustuli.
460 2373 517 2432 Est
536 2381 631 2431 autem
652 2370 750 2430 Roscii
770 2373 969 2449 apographum
989 2383 1049 2434 tam
1070 2376 1209 2436 adcurate
1229 2377 1346 2454 fedum,
1368 2388 1399 2438 ut

180 2471 216 2529 de
235 2489 335 2528 earum
355 2469 461 2528 saltem
480 2487 556 2545 quae
582 2465 720 2544 perierint
744 2465 907 2526 litterarum
931 2486 1051 2527 numero
1077 2468 1204 2529 dubitari
1229 2471 1315 2548 plane
1340 2493 1398 2531 non

179 2565 279 2642 possit
325 2565 374 2623 Ab
398 2564 484 2622 initio
510 2563 587 2621 tituli
607 2562 683 2620 duee
712 2560 897 2633 interierunt3
928 2560 1033 2621 relicus
1059 2581 1176 2637 versus,
1207 2566 1258 2641 qui
1288 2567 1394 2627 desinit

180 2660 267 2718 verbo
295 2655 419 2733 ἀνέθηκε,
444 2659 555 2734 integer
575 2666 627 2715 est.
667 2656 778 2714 Eadem
804 2655 891 2733 plane
916 2662 962 2715 est
985 2656 1104 2716 alterius
1130 2677 1232 2718 versus
1258 2661 1396 2736 condicio,

179 2753 260 2812 ouius
280 2761 440 2812 extremum
459 2752 631 2812 vocabulum
650 2750 729 2810 Ross
749 2750 873 2810 tradidit
893 2763 1023 2826 rzrrJsro,
1043 2754 1239 2812 consentiente
1258 2752 1395 2830 Lebasio,

179 2848 236 2907 nisi
266 2849 343 2925 quod
373 2848 421 2906 hic
450 2844 726 2923 autepaenuitimam
755 2844 883 2904 litteram
915 2863 922 2904 ι
952 2846 1042 2907 fuisse
1072 2852 1197 2905 testatur
1226 2848 1396 2910 confirmata

179 2941 362 3001 Fourmontii
381 2941 513 3000 lectione.
553 2940 623 2998 Inde
643 2939 829 3016 consequitur
848 2959 913 3018 curn
933 2961 1026 3019 neque
1046 2960 1064 2999 a
1088 2942 1145 3000 line
1165 2940 1326 3018 quidquam
1345 2944 1395 3004 de·

178 3036 219 3094 sit
244 3041 274 3093 et
297 3034 449 3111 proximus
474 3051 574 3093 versus
599 3034 637 3091 ab
662 3033 744 3092 initio
769 3034 858 3109 plane
880 3035 991 3111 integer
1016 3036 1070 3108 sit,
1102 3053 1160 3093 non
1191 3053 1279 3111 posse
1308 3038 1396 3097 scribi

175 3118 335 3206 Ἴσχυλλος.
376 3127 472 3186 Tertii
491 3127 626 3203 deinceps
647 3144 748 3185 versus
769 3136 848 3185 certa
866 3135 912 3186 est
935 3128 1019 3185 lectio
1043 3138 1298 3189 ΘιοποετοιεΔΑΜ.
1332 3131 1394 3191 lam

179 3238 283 3278 nomen
303 3220 460 3296 requiritur
480 3219 527 3277 uel
547 3220 637 3278 solius
657 3219 776 3278 victoris
796 3218 844 3277 vel
863 3220 956 3295 ipsius
977 3230 1064 3296 atque
1084 3222 1192 3296 patris3
1221 3224 1321 3300 possis
1336 3222 1393 3283 'Ir-

177 3304 286 3391 χύλλου
313 3308 426 3387 Olenos,
455 3322 487 3371 ut
512 3313 666 3371 concedam
691 3308 788 3372 Θίοπον
812 3330 916 3371 nomen
946 3330 1083 3389 graecum
1112 3331 1184 3374 esse.
1229 3317 1271 3373 At
1299 3323 1394 3376 restat

176 3407 301 3483 primunr
329 3407 409 3466 tituli
433 3403 605 3467 vocabulum
629 3407 709 3464 cuius
734 3415 791 3464 tres
817 3424 892 3481 quae
921 3413 1058 3480 superant
1084 3405 1195 3464 litteras
1220 3406 1298 3465 Roas
1323 3422 1393 3466 οοΝ

176 3500 311 3575 tradidit,
336 3500 433 3560 chas
454 3521 522 3560 vero
542 3499 648 3559 diserte
668 3517 780 3558 errasse
799 3499 881 3556 illurn
902 3504 1028 3557 testatus
1048 3498 1174 3575 primam
1192 3499 1318 3558 litteram
1338 3520 1391 3560 nec

177 3593 257 3653 theta
276 3614 329 3653 nec
348 3596 476 3654 omicron
497 3595 549 3655 sed
569 3613 661 3671 eoppa
681 3613 743 3652 esse
762 3592 851 3663 dixit3
872 3592 948 3652 unde
968 3598 1062 3651 certus
1083 3601 1125 3652 est
1146 3593 1278 3652 vocabuli
1298 3593 1328 3651 iu
1347 3626 1387 3640 -

175 3713 229 3748 κων
249 3690 353 3748 exitus.
393 3688 440 3748 De
459 3690 566 3766 plurali
586 3687 722 3765 genetivo
743 3706 806 3746 cum
827 3696 951 3764 nequeat
970 3687 1104 3765 cogitari,
1128 3692 1221 3746 restat
1248 3692 1280 3745 ut
1298 3689 1391 3748 nomi·

174 3783 292 3843 nativus
312 3784 399 3844 fuerit
418 3785 456 3844 ad
476 3785 571 3860 ipsum
592 3783 731 3842 victorem
752 3781 928 3841 referendus.
956 3781 1023 3841 Duo
1043 3781 1131 3859 igitur
1151 3781 1279 3840 eiusdem
1300 3801 1389 3842 enun-

175 3879 238 3937 tieti
260 3879 348 3937 verba
367 3877 458 3938 habes
479 3876 592 3947 testeus
613 3883 642 3936 et
661 3870 731 3952 νίκη,
757 3896 831 3953 quae
857 3875 927 3935 ferri
953 3882 1109 3952 nequeunt
1149 3876 1251 3953 ltaque
1274 3881 1309 3934 ut
1332 3877 1390 3936 duo

173 3973 382 4033 constituerem
402 3974 552 4033 enuntiata
572 3972 684 4044 studui,
708 3986 764 4030 sto
789 3976 841 4029 aut
865 3970 1004 4048 scriptum
1028 3970 1105 4029 male
1130 3976 1182 4029 aut
1205 3969 1311 4029 lectum
1335 3989 1389 4046 pro

173 4066 242 4126 deni
259 4073 356 4140 ratus,
381 4075 512 4127 cautem
533 4067 659 4125 litteram
681 4067 739 4123 iam
759 4064 892 4123 mutilam
912 4063 982 4122 olim
1002 4064 1121 4140 spiritus
1148 4073 1246 4124 notam
1265 4083 1389 4141 superne

174 4161 341 4238 interneque
361 4163 469 4221 clusam
492 4161 580 4220 luisse
600 4160 780 4220 existimans.
820 4159 949 4236 Reliqua
968 4159 1041 4218 bene
1062 4158 1190 4217 restituit
1208 4158 1245 4219 Ο.
1266 4158 1389 4216 Mueller

174 4273 221 4331 ap.
242 4255 348 4314 Franz.
369 4255 459 4314 Elem.
479 4258 566 4330 epipr.
586 4275 614 4332 p.
631 4255 663 4312 71
688 4254 737 4331 (cl.
758 4272 787 4330 p.
802 4254 880 4331 380).
901 4287 938 4298 -
958 4251 1094 4313 Ceterum
1114 4271 1150 4311 ex
1170 4252 1213 4311 eis
1233 4270 1308 4328 quae
1327 4251 1386 4310 dis·

172 4348 275 4429 putavi
299 4355 381 4426 patet
403 4350 530 4431 primum
556 4367 669 4409 versum
689 4348 889 4413 hexametrum
909 4367 967 4409 uon
987 4347 1091 4419 fuisse;
1120 4365 1174 4430 pro
1192 4336 1305 4407 Ἄλκων
1337 4343 1387 4406 vix
