3262 4974
240 382 280 446 38
653 377 849 448 Epigramma&
865 378 1031 448 sepulcralia.

320 567 343 607 11
370 549 486 609 saeculi.
502 577 548 593 ¹-
576 549 595 605 6
620 548 716 625 suppl.
743 547 817 625 Aug.
843 549 1060 620 Mareoticus,
1086 549 1143 607 nisi
1166 550 1244 624 quod
1265 544 1353 607 llere
1374 550 1457 624 posui

240 670 293 728 pro
314 644 436 725 ἕκαμψοι
452 643 621 719 Euripides.
636 643 706 702 -8
726 654 794 702 ants
813 631 949 721 ῥητορικήν
970 651 1037 700 octo
1058 643 1117 700 iere
1139 643 1298 700 litterarum
1320 643 1454 719 spatium.

240 740 446 801 Wilamowitz:
469 732 585 817 πείρατα
609 734 746 815 ῥητορικῆς
771 729 817 797 καὶ
845 729 940 815 σοφίης
966 732 1075 814 ἔλαβον.
1122 737 1290 795 Extremum
1316 736 1457 794 distichon

240 837 362 915 periisse
381 832 532 909 probabile
552 838 606 903 est,
628 851 687 909 quo
708 830 757 907 qui
777 831 967 908 interrogavit
993 832 1108 890 salvere
1128 832 1238 891 iuberet
1263 831 1439 889 defunctum.

243 1116 304 1176 ¹1¹.
355 1113 469 1190 (lippus
502 1113 620 1181 atticus,
655 1113 737 1170 cuius
772 1113 886 1170 titulum
919 1113 948 1170 in
978 1129 1079 1171 museo
1109 1109 1278 1170 Britanquo
1309 1109 1461 1185 descripsit

244 1210 379 1270 Wslcker
399 1207 545 1281 ediditque
566 1205 642 1264 Mos.
664 1207 716 1264 sl.
737 1206 780 1264 VI
800 1206 847 1265 82.

525 1342 565 1409 Ὁ
588 1347 694 1434 δῆμος
716 1351 869 1433 Ληναῖον
888 1341 1145 1432 Ἀρτεμιδώρου.

284 1512 286 1516 1
374 1451 441 1514 Ital
463 1448 500 1513 rel
525 1446 605 1533 πρὶν
627 1445 661 1512 ἐν
685 1448 847 1531 πολέμοις
868 1451 978 1535 τηρῶν
1000 1443 1136 1533 πύργον,
1160 1449 1340 1532 παροὸῖτα,

450 1549 506 1613 καὶ
529 1552 591 1623 νῦν,
607 1545 754 1637 τηρήσω,
779 1545 824 1627 rig
846 1545 1001 1631 δύναμαι,
1025 1548 1119 1627 νέκυς
1141 1540 1195 1613 dv.

324 1706 401 1764 Ludi
432 1705 545 1764 videtur
577 1705 607 1763 in
632 1704 771 1764 vocabulo
797 1697 911 1779 οΙσγις,
943 1706 1019 1782 qnod
1045 1706 1101 1762 v.l
1130 1703 1235 1761 turrim
1260 1705 1389 1781 aliquam
1415 1724 1461 1761 ar-

245 1801 301 1884 nris
327 1799 538 1859 defendendam
564 1799 722 1875 significat,
749 1799 810 1858 al
831 1799 855 1858 si
876 1808 952 1859 reete
971 1798 1116 1860 intellexit
1135 1797 1333 1858 Wilamowita
1354 1799 1391 1858 de
1409 1798 1462 1859 Di·

246 1895 316 1973 pylo
336 1893 534 1969 accipisndum
555 1901 609 1952 est.

249 2139 314 2199 112.
344 2140 460 2218 Aegina
478 2142 507 2199 in
528 2142 631 2201 insula.
662 2143 698 2201 ln
718 2144 818 2202 herma
838 2142 1005 2220 anaglypho
1025 2140 1157 2218 expressi
1178 2145 1259 2198 stant
1278 2139 1322 2197 vir
1342 2140 1464 2198 vestitus

250 2245 279 2293 et
298 2253 369 2310 puer
388 2233 482 2293 nudus
502 2237 597 2311 strigil
617 2245 646 2295 et
665 2237 777 2298 discum
796 2238 930 2296 manibus
950 2245 1057 2295 tenens.
1089 2235 1137 2294 Ex
1158 2232 1311 2312 stephanii
1327 2235 1463 2310 Parsrpa'r

250 2329 327 2389 arch.
349 2329 422 2405 (lx)
443 2327 509 2387 Keil
529 2330 632 2389 Ptitot
654 2331 726 2392 VIII
748 2332 812 2389 174.

397 2464 550 2557 Ἀντιοχῆ
576 2470 769 2552 Θεμίσωνος
789 2465 1007 2558 ἀεθλοφόροι
1029 2467 1120 2547 κόνις
1143 2465 1201 2558 ἥδε

464 2566 581 2634 are-ider
603 2570 766 2660 ὀωόεχὲιρ
790 2573 898 2638 παῖδα
924 2567 1165 2656 Θεμιστοκλέα,

404 2661 443 2746 ὃς
463 2668 588 2751 βουλᾶν
610 2670 666 2736 καὶ
689 2668 820 2759 θάρσος
843 2668 924 2754 ἔχων
944 2668 989 2737 i'o’
1006 2666 1168 2759 ὁμωνύμῳ
1193 2665 1290 2757 ἀνδρί

422 2785 424 2788 ’
468 2766 625 2856 Arpinum
648 2769 708 2861 τὴν
728 2776 857 2861 μοιρῶν
879 2769 919 2839 οὐ
941 2770 1123 2860 προφυγὼν
1145 2770 1292 2854 δύναμιν.

333 2928 464 2986 Litterae
483 2943 516 2984 rx
536 2927 687 2984 meliorem
708 2938 881 2988 testarentur
901 2937 1036 3001 aetatem,
1055 2929 1111 2987 nisi
1131 2928 1231 2987 dativo
1252 2930 1311 2987 v.3
1332 2927 1394 2984 iots
1413 2923 1465 2982 ad-

259 3021 402 3098 scriptum
428 3039 484 3077 non
510 3029 596 3078 esset.
608 3018 764 3096 -Recepi
789 3024 863 3082 inter
888 3024 978 3082 attica
1001 3014 1121 3100 propter
1140 3023 1261 3082 nomina
1280 3028 1311 3080 et
1329 3019 1421 3098 patrIs
1440 3026 1470 3076 et

255 3114 318 3186 filii,
339 3114 394 3172 etsi
414 3133 489 3190 quae
510 3123 577 3172 tunc
598 3115 735 3188 temporis
754 3118 959 3195 Aegiuetarom
980 3136 1044 3176 sors
1064 3118 1151 3176 fuerit
1170 3117 1325 3176 nescimus:
1347 3122 1468 3192 possunt

257 3228 293 3265 ex
313 3207 475 3283 antIquiorc
495 3218 624 3284 tempore
645 3208 836 3268 Athenienses
856 3211 885 3267 in
906 3211 1001 3269 insula
1021 3212 1117 3269 vicina
1136 3211 1318 3269 remansIsse.
1354 3207 1467 3266 Tamen

255 3307 377 3378 propter
396 3303 513 3360 nomina
533 3321 600 3360 vere
619 3302 708 3360 attice
727 3321 763 3360 ne
783 3304 848 3377 quis
863 3303 1048 3362 Antiochiam
1068 3323 1175 3381 pagum
1196 3304 1316 3361 atticum
1330 3310 1469 3376 recoquat

255 3415 343 3452 unum
368 3414 480 3455 moneo.
520 3396 675 3455 Mulierum
701 3395 855 3454 atticarum
880 3397 1046 3455 nominibus
1070 3415 1127 3456 non
1154 3397 1213 3456 fere
1233 3397 1349 3473 adiungi
1370 3385 1400 3454 ri
1421 3389 1467 3468 tt-

257 3477 367 3568 μιτικόν
389 3499 437 3547 sat
461 3497 561 3548 notum
587 3499 644 3562 est,
670 3491 751 3548 cuius
777 3490 892 3565 quidem
917 3490 957 3547 rei
983 3491 1099 3549 omissis
1120 3490 1268 3549 fraudibus
1288 3491 1468 3549 Lenorman·

259 3584 345 3641 tinnis
366 3582 519 3642 rarissima
539 3594 605 3641 sunt
624 3583 771 3660 exempls3
793 3583 932 3642 uxoribus
953 3602 1031 3652 vero,
1051 3585 1105 3643 οἱοὶ
1126 3585 1176 3644 ubi
1196 3584 1354 3643 recentiore
1374 3590 1470 3640 aetate

258 3676 330 3733 civis
354 3676 443 3734 attica
468 3676 619 3754 peregrino
646 3677 776 3751 nupserit
802 3676 936 3751 (Comen.
962 3679 1058 3753 1108),
1084 3697 1231 3755 nunquam
1256 3678 1385 3748 additur3
1411 3695 1469 3734 non

259 3771 335 3828 enim
360 3770 416 3827 huc
435 3769 544 3827 referes
565 3769 679 3826 titulum
701 3788 838 3827 romanae
858 3770 961 3828 aetatis
982 3770 1103 3831 Cornan.
1125 3773 1190 3832 939.
1231 3771 1469 3832 Antiochensium

259 3870 362 3922 contra
379 3862 532 3920 mulierum
554 3863 660 3938 ubique
680 3862 846 3921 nominatur
867 3863 971 3939 patria,
992 3865 1054 3925 sive
1074 3867 1184 3926 civibus
1205 3867 1299 3925 atticis
1320 3883 1369 3922 seu
1388 3882 1469 3939 pere·

259 3957 350 4034 grinis
380 3956 537 4032 nupserint.
582 3957 664 4013 Haec
694 3957 769 4012 enim
799 3966 843 4013 est
866 3975 965 4014 eorum
992 3960 1141 4020 titulorum
1166 3961 1260 4018 forma
1283 3956 1299 4032 ἡ
1324 3954 1396 4015 deire
1420 3958 1471 4015 τοῦ

260 4045 332 4108 deira
354 4037 534 4127 Ἀντιόχισσιι
563 4051 615 4108 τοῦ
645 4045 716 4106 salva
745 4039 821 4123 pori.
864 4048 1023 4128 Nunquam
1047 4064 1198 4130 praetcrea
1220 4051 1410 4110 Athenienses
1435 4049 1471 4107 ds

258 4157 399 4219 pagorum
413 4143 577 4201 nominibus
598 4162 721 4220 quorum
741 4132 884 4223 ὸὴμιτικᾶι
901 4140 1024 4215 ἱο-ειίς
1038 4148 1145 4206 desinit
1164 4146 1285 4206 formam
1300 4145 1469 4203 femininam

260 4237 413 4295 linxerunt.
459 4235 560 4312 ltaque
585 4237 793 4297 Themistocles
824 4239 1009 4298 Themisonis
1039 4240 1058 4299 f.
1089 4258 1146 4297 non
1176 4239 1246 4297 ciris
1270 4239 1384 4298 Atticus
1407 4238 1470 4311 fuit,

263 4330 313 4390 sed
333 4330 548 4405 Antiochensis,
563 4350 667 4399 ,eorum
690 4351 767 4407 vero,
787 4333 836 4410 qui
856 4332 1118 4419 plurimiAthenis
1138 4332 1309 4393 incolebant.
