3254 5048
262 375 323 441 342
681 375 877 445 Epigrammata
896 373 1061 427 dedicatoria.

389 541 519 610 meet
532 566 601 626 μοι,
623 537 885 628 Βαλμαρκώ[δ],
910 538 1043 626 κοίρανε
1067 543 1195 621 κιομιῦν,

478 643 535 710 καί
558 638 636 709 κλύε
663 646 766 730 [μ]ον,
791 641 950 718 δέσποτα,
976 642 1031 704 νῦν
1049 634 1188 728 Ἶλάροσ.

262 835 292 900 b.
382 828 451 916 [σοὶ
479 828 543 918 γὰρ
567 875 873 893 ..........
875 830 959 915 ]ριον
972 821 1124 913 ἀνέθηκα

388 929 549 1020 τ]ρλόθεν
572 928 609 996 έκ
631 924 748 1017 νήσοιο
768 920 883 994 Ῥόδου
904 925 1070 1010 τέχνασμα
1094 924 1240 994 ποθινόν

262 1040 281 1103 5
466 1022 646 1115 ’Ἀμμωνος
673 1031 797 1116 κεραοῦ
816 1023 956 1110 χάλκεον
978 1022 1166 1107 ἀντίτυπον,

165 1118 169 1121 ⁵
389 1132 438 1212 εἰς
459 1127 567 1219 δχίην]
590 1130 776 1220 προχέοντο
796 1133 934 1218 βροτοῖς
955 1125 1155 1216 ίερόδρομον
1176 1125 1275 1217 ὕδωρ.

338 1273 373 1331 In
399 1270 586 1349 praescriptis
611 1285 677 1328 enea
691 1268 845 1340 traditur,
874 1267 979 1328 deinde
1004 1282 1141 1328 x0.00r
1172 1268 1217 1327 vel
1245 1283 1373 1344 rumor,
1404 1271 1482 1330 unde

261 1356 379 1446 Κίσμιο
400 1365 446 1424 vel
465 1356 578 1423 Κοίντου
607 1364 798 1423 coniecerunt.
818 1395 856 1406 -
880 1363 893 1419 l
916 1377 1044 1420 meretoc
1065 1395 1101 1406 —
1123 1361 1141 1420 2
1162 1378 1224 1423 cor
1244 1363 1393 1439 utriusque
1412 1384 1481 1423 ver-

263 1478 313 1519 eue
333 1460 446 1518 numeri
467 1459 624 1538 sustentari
647 1466 782 1535 poterunt
807 1456 909 1515 addita
936 1457 973 1513 eb
993 1452 1076 1515 initio
1097 1456 1212 1532 utrique
1231 1476 1301 1516 voce
1321 1452 1419 1518 εἶλαδι.
1443 1493 1478 1503 -

262 1553 389 1634 ὃῴέρων
421 1555 452 1612 in
482 1559 619 1630 promptu
648 1559 702 1612 est.
727 1586 765 1595 -
795 1553 972 1610 euroeae
991 1583 1029 1593 —
1050 1551 1068 1607 6
1089 1551 1234 1628 supplevi3
1265 1571 1334 1610 nam
1364 1552 1482 1612 videtur

263 1648 403 1709 Octavius
430 1666 495 1706 cum
521 1646 655 1723 Eutycho
681 1646 831 1724 (libertoi)
857 1655 886 1704 ot
912 1645 1012 1704 liberie
1038 1645 1099 1704 euie
1126 1647 1175 1721 (an
1201 1646 1297 1723 eiuei)
1328 1666 1366 1704 ax
1396 1664 1481 1706 sacro

262 1743 344 1802 fonte
368 1743 476 1800 bonam
507 1740 701 1800 valetudinem
733 1741 921 1816 reciperasse.
966 1740 1150 1818 Hecpropter
1180 1759 1301 1798 aeneum
1326 1740 1482 1798 Ammonis

263 1837 376 1915 signum
388 1835 477 1895 fontis
492 1835 535 1895 ori
548 1835 670 1909 addidit,
691 1834 772 1894 cuiue
792 1853 870 1911 aque
889 1835 948 1892 iam
960 1834 1108 1911 intelleges
1121 1854 1172 1893 cur
1187 1822 1335 1914 ἱερίδριμις
1351 1843 1480 1893 vocetur.

261 2132 341 2194 836.
380 2133 459 2193 Loco
480 2133 586 2192 veterie
610 2134 725 2194 Galliae
745 2133 856 2211 oppidi,
878 2133 924 2195 cui
944 2151 1049 2192 nomen
1076 2128 1162 2192 Vuae'o
1188 2131 1392 2192 Vocontiorum.
1420 2134 1480 2194 ue

261 2229 326 2288 nier
346 2228 492 2304 Μίίσνροε
512 2231 600 2303 epigr.
622 2248 651 2307 p.
669 2227 732 2287 129.
772 2226 889 2303 Herzog
911 2225 1007 2285 Gallio
1025 2226 1154 2285 Narbon.
1176 2245 1243 2302 app.
1268 2231 1354 2304 epigr.
1369 2248 1397 2287 u.
1413 2230 1481 2287 444.

414 2346 606 2440 Εὗθυντῆρι
628 2347 727 2440 τύχης
749 2346 851 2447 Βήλῳ
873 2350 1016 2428 Σέξστος
1038 2350 1120 2418 θέτο
1142 2347 1266 2433 βωμόν,

500 2456 566 2518 τῶν
588 2451 622 2519 έν
639 2447 810 2542 ’Λπαμείᾳ
831 2447 1040 2540 μνησάμενος
1063 2450 1192 2539 λογίων.

266 2595 297 2654 in
316 2593 408 2655 altero
426 2593 530 2653 latere:

508 2718 594 2780 Belua
606 2723 745 2794 sortem
765 2728 857 2777 rector
876 2719 1021 2796 Menteque
1040 2724 1172 2798 παρέστα

590 2830 647 2870 arc
664 2814 803 2889 gaudebit,
824 2832 909 2889 quom
930 2815 1006 2872 dedit
1024 2824 1050 2872 at
1068 2815 1161 2876 voluit.

346 2939 447 3001 Severi
471 2939 531 2998 fere
550 2948 645 2998 aetate
669 2946 743 3000 teste
762 2940 889 3001 Reniero
910 2940 1016 3002 Sextus
1041 2946 1176 3020 Apamea
1200 2945 1232 3002 in
1257 2942 1389 3003 Galliam
1414 2962 1481 3020 pro·

268 3037 395 3093 fecturue
421 3033 568 3092 oraculum
591 3035 775 3095 consuluerat
800 3037 837 3094 de
862 3036 964 3095 itinere
984 3046 1102 3113 eratque
1122 3039 1170 3096 ubi
1191 3037 1289 3097 ealvue
1314 3058 1348 3097 eo
1379 3055 1481 3113 perve-

269 3128 361 3188 nieeet
380 3127 451 3187 Belo
471 3146 552 3186 aram
572 3129 744 3189 constituere
764 3129 870 3191 iueeue.
890 3165 928 3174 -
949 3133 982 3190 In
1002 3131 1102 3190 latinis
1121 3132 1218 3188 Manio
1242 3137 1401 3208 magistriam
1421 3133 1481 3191 Re·

268 3222 330 3280 nier
350 3222 492 3300 intellegit
512 3222 592 3282 Attin
611 3235 845 3301 mcnctyrenaom.
885 3224 965 3283 Idem
985 3245 1011 3284 v.
1027 3225 1044 3283 2
1064 3225 1187 3285 coniecit
1206 3227 1269 3284 dedi
1288 3237 1314 3285 et
1336 3227 1424 3299 votui,
1451 3233 1482 3284 et

268 3316 344 3374 male
370 3317 424 3375 hoc
450 3317 567 3392 quidem
593 3318 687 3396 (Sexti
712 3320 790 3378 enim
819 3338 924 3378 nomen
954 3338 992 3378 ex
1020 3322 1132 3396 graecia
1163 3321 1378 3397 supplendum),
1408 3322 1481 3380 bene

268 3419 365 3471 tamen
385 3413 559 3488 observavit,
579 3413 735 3473 formulam
755 3413 830 3472 hauc
843 3432 906 3472 esee
925 3414 1074 3492 vulgarem
1088 3424 1179 3474 cotom
1192 3416 1263 3474 solva·
1277 3416 1361 3475 libane
1374 3420 1478 3477 ecardo.

268 3715 344 3777 8³⁷.
384 3717 433 3776 Ad
454 3716 595 3793 Capuam.
635 3717 668 3778 G.
689 3720 711 3780 l.
732 3719 818 3780 5876.

422 3839 595 3929 Δεσποίνῃ
618 3843 765 3923 Νεμέσει
786 3845 844 3908 καί
867 3839 1037 3911 σοννάοισι
1061 3850 1191 3911 θεοῖσιν

430 4025 433 4030 ι
499 3935 674 4030 Ἀρριανὸς
692 3944 806 4025 βωμὸν
827 3943 921 4011 τόνδε
943 3943 1201 4034 καθειδρίσατο.

471 4127 596 4188 luetitaue
616 4130 727 4190 Νανιει·
748 4133 860 4208 (Dotis
881 4153 965 4210 quom
984 4146 1098 4193 voverat
1116 4154 1196 4193 cram

546 4228 661 4283 aomina
679 4237 779 4286 coacto
798 4229 887 4288 colerae
911 4228 1085 4288 Omamcriue
1102 4233 1201 4304 pouit.

345 4368 370 4418 11
395 4353 441 4414 vel
464 4369 502 4414 m
526 4354 641 4417 eaeculi.
661 4388 699 4400 -
723 4356 801 4430 Mira
824 4357 884 4419 duo
908 4357 1031 4418 hominis
1058 4358 1192 4434 nomina,
1217 4377 1283 4419 cum
1308 4359 1480 4437 praesertim
