3262 4974
678 378 814 447 praelatio.
1306 394 1354 440 v11

131 559 217 608 erant
238 549 394 624 Lydorum
414 546 506 619 tituli,
538 547 587 622 qui
615 547 695 603 multi
721 553 791 605 sunt
813 556 842 605 et
861 554 1010 622 tamquam
1032 548 1199 606 helluautur
1219 548 1247 604 iu
1272 550 1353 606 varia

131 652 170 709 de
198 653 283 709 rebus
307 650 413 708 futuris
439 649 613 724 cogitatione
639 649 751 724 (nescio
778 669 814 707 au
846 650 1017 727 Erythraeis
1043 650 1178 721 ducibus,
1205 651 1363 707 beatorum·

132 752 255 824 colonis,
280 753 315 819 cf.
337 753 374 811 ad
396 773 424 810 n.
449 751 530 824 904),
556 771 649 826 neque
676 752 770 808 minus
804 751 1008 828 Phrygiorum‚
1039 751 1145 827 quibus
1172 750 1353 810 Graecorum

131 854 169 911 de
189 853 292 912 inieris
312 855 425 912 fabulae
447 854 604 911 maximam
624 854 654 910 in
677 854 919 928 contemptionem
940 864 1087 911 venerunt.
1118 853 1254 928 Denique
1268 872 1353 929 pecu·

131 956 235 1013 liarem
261 956 353 1014 locum
379 956 462 1032 Syris
488 955 649 1031 adsignari,
675 973 798 1030 quorum
823 974 898 1030 quac
923 957 1076 1031 potissima
1103 957 1246 1013 scribendi
1274 958 1349 1014 ratio

132 1058 222 1115 fuerit
242 1058 382 1116 nemiuem
404 1057 495 1134 fugiet
514 1057 664 1133 legentem.
706 1059 755 1115 Ex
775 1057 850 1115 Asia
875 1059 905 1115 in
926 1057 1081 1117 Graeciam
1108 1060 1274 1135 remigravi,
1302 1059 1347 1116 cui

133 1160 247 1235 priores
268 1171 365 1235 partes
385 1179 450 1218 eam
470 1161 507 1217 ob
528 1179 588 1217 rem
609 1160 781 1235 denegatam
802 1180 838 1217 ne
859 1160 929 1217 vilia
948 1159 1063 1219 infimae
1089 1161 1193 1219 aetatis
1222 1161 1352 1220 carmina

132 1280 211 1336 quae
225 1263 392 1337 praevalent
405 1262 629 1337 elegantissimis
646 1262 747 1320 lorium
762 1263 931 1336 Dorumque
946 1263 1164 1338 epigrammatis
1178 1273 1352 1338 anteponere

131 1382 264 1440 cogerer:
287 1383 460 1440 quamquam
481 1363 535 1422 hac
555 1365 590 1421 de
610 1383 641 1422 re
661 1384 730 1422 num
752 1372 828 1422 recte
848 1364 1038 1423 indicaverim
1058 1365 1176 1424 iamiam
1196 1365 1352 1424 dubitatio·

137 1467 185 1523 nis
206 1465 315 1542 aliquid
337 1467 529 1526 subnascitur.
563 1465 687 1524 Restant
707 1467 758 1541 qui
778 1487 796 1524 a
816 1466 937 1525 Graecis
959 1467 1123 1525 didicerunt
1142 1467 1280 1540 Romani,
1302 1468 1352 1541 qui

133 1587 226 1643 quam
246 1569 379 1629 sollerter
409 1578 536 1625 veterum
562 1569 949 1645 epigrammatographorum
978 1570 1111 1646 exempla
1134 1568 1225 1627 secuti
1246 1569 1305 1626 siut
1324 1578 1353 1625 et

134 1669 318 1729 excoluerint
337 1681 366 1729 et
387 1670 584 1747 Authologiae
605 1678 709 1748 poetae
728 1672 846 1748 plurimi
867 1672 971 1728 docent
990 1678 1021 1729 et
1039 1672 1119 1749 prior
1140 1667 1226 1748 quam
1248 1692 1266 1729 a
1286 1672 1352 1729 reli-

134 1772 204 1847 quis
236 1774 368 1850 separavi
397 1773 596 1832 Romanorum
632 1780 662 1832 et
691 1773 952 1849 Neapolitanorum
990 1774 1227 1850 epigrammatum
1267 1793 1350 1851 pars:

132 1873 310 1948 praevalent
329 1878 424 1934 autem
445 1876 491 1932 hic
511 1893 628 1951 quoque
648 1882 679 1933 ut
698 1894 752 1953 par
772 1886 816 1934 est
835 1876 948 1933 viliora·

216 1975 406 2036 Dedicatoria
427 1977 511 2053 longe
531 1978 678 2036 diversum
700 1977 756 2034 sibi
779 1978 971 2052 postulabant
995 1977 1136 2048 ordinem,
1168 1985 1200 2036 ut
1224 1998 1300 2054 quae
1324 1990 1352 2036 et

129 2079 275 2153 pauciora
296 2088 394 2136 essent
413 2089 441 2136 et
460 2098 514 2154 pro
534 2087 768 2156 argumentorum
787 2078 957 2137 diversitate
978 2088 1081 2156 sponte
1101 2081 1131 2137 in
1145 2080 1275 2139 diversas
1291 2081 1349 2138 dis·

129 2181 268 2238 cederent
287 2187 386 2255 partes
408 2203 414 2237 :
437 2200 503 2238 uam
535 2190 565 2239 et
590 2181 730 2258 ephebica
754 2190 782 2236 et
808 2181 970 2256 agonistica
999 2183 1075 2241 inter
1105 2200 1136 2240 se
1167 2182 1255 2240 divisi
1285 2184 1351 2255 (nec

134 2284 268 2356 poenitet
288 2283 404 2358 fecisse)
425 2290 454 2341 et
474 2292 699 2360 proscyuemata
720 2282 843 2359 hymnos
864 2282 982 2340 oracula
1002 2282 1065 2340 iure
1089 2283 1160 2340 mihi
1181 2284 1280 2340 videor
1300 2285 1348 2341 de·

132 2384 287 2442 dicatoriis
322 2385 537 2444 adnumerasse.
595 2387 712 2463 Septem
739 2385 832 2464 ¹igitur
862 2385 974 2443 institui
1003 2395 1109 2460 partes,
1141 2403 1263 2460 quarum
1292 2405 1350 2460 quo

132 2505 281 2561 quamque
302 2487 386 2545 modo
408 2487 603 2563 disposuerim
624 2487 770 2562 explicare
791 2487 865 2545 nihil
885 2487 1006 2546 adtinet.

214 2588 360 2647 Clauduut
380 2609 484 2665 agmen
504 2589 715 2664 epigrammata
736 2591 817 2646 traria
838 2599 973 2665 quattuor
993 2590 1023 2646 in
1044 2598 1141 2666 partes
1168 2589 1262 2647 divisa
1288 2609 1348 2646 om-

131 2691 192 2762 nia,
214 2709 230 2746 e
250 2691 355 2765 quibus
375 2692 471 2767 prima
490 2692 680 2749 terminorum
702 2691 902 2750 aedificiorum
929 2693 1061 2751 fontium¹
1080 2691 1212 2768 pontium
1239 2691 1348 2764 titulos,

131 2801 238 2867 quarta
258 2794 385 2851 amuleta
405 2800 434 2850 et
454 2793 534 2851 diras
554 2793 753 2868 conplectitur,
785 2795 914 2869 reliquas
941 2795 1013 2851 duas
1040 2794 1133 2870 magis
1161 2794 1260 2852 dubito
1280 2813 1349 2850 urim

132 2903 211 2953 reete
232 2894 471 2954 administrarim.

216 2997 356 3055 Conlecta
376 2996 444 3053 dum
465 2997 517 3054 edo
539 2998 717 3074 schedasque
737 2999 819 3074 prelo
840 3000 921 3056 trado
942 2999 1021 3058 haud
1036 2997 1190 3056 mediocris
1211 2997 1351 3055 succrevit

133 3101 335 3156 Addendorum
354 3099 440 3173 copia
459 3118 524 3156 cum
553 3118 652 3157 eorum
677 3119 753 3175 quae
781 3119 879 3159 recens
912 3103 1028 3160 inventa
1058 3108 1126 3159 sunt
1158 3109 1219 3157 tum
1248 3119 1348 3157 eorum

131 3222 208 3277 quae
233 3221 286 3277 ego
313 3200 479 3259 huiusmodi
507 3202 615 3277 negotii
642 3203 769 3260 nondum
800 3205 871 3261 satis
901 3205 1009 3280 peritus
1040 3203 1085 3260 vel
1116 3202 1272 3258 omiseram
1303 3201 1348 3258 vel

96 3284 102 3291 ’
132 3303 208 3360 falso
233 3301 304 3359 olim
331 3301 394 3360 loco
418 3303 569 3362 conlocata
593 3311 780 3363 retraxeram.
828 3307 946 3364 Eisdem
979 3312 1077 3363 autem
1107 3306 1143 3363 de
1175 3305 1270 3361 causis
1303 3304 1346 3361 vel

130 3406 278 3461 Addeudis
293 3422 366 3479 quae
380 3405 516 3463 adderem
526 3406 623 3474 habui,
643 3408 763 3483 quaein
782 3408 865 3466 huius
882 3408 1070 3485 praefationis
1086 3406 1162 3464 calce
1179 3405 1347 3464 subicienda

130 3507 246 3578 curavi3
268 3506 406 3565 nonnulla
426 3507 511 3566 doleo
531 3511 609 3585 quod
628 3520 695 3585 post
712 3511 855 3569 confectos
869 3510 985 3569 demum
1000 3520 1027 3567 et
1041 3492 1288 3585 typis'expressos
1303 3507 1346 3563 iu·

129 3611 209 3667 dices
224 3619 412 3669 accesserunt.
435 3610 587 3670 ‘Addeudie
602 3613 712 3689 passim
728 3613 904 3670 intermiscui
919 3588 1102 3689 cdrrigeuda3
1123 3610 1233 3669 correxi
1249 3591 1346 3667 tamen

129 3732 166 3769 ea
196 3718 309 3768 tantum
342 3731 416 3786 quae
446 3713 573 3789 legentes
603 3715 749 3773 offendere
778 3714 958 3788 viderentur,
990 3716 1049 3772 alia
1079 3714 1222 3790 permulta
1252 3713 1347 3770 sciens

130 3814 325 3891 praetermisi.
367 3813 452 3888 Quod
474 3816 636 3875 incredibili
656 3837 810 3894 operarum
831 3819 964 3876 socordia
984 3825 1013 3875 et
1027 3817 1162 3892 inperitia
1180 3816 1289 3872 factum
1304 3818 1347 3873 est

129 3931 162 3974 ut
184 3917 343 3974 innumeris
364 3918 423 3973 fere
444 3917 515 3975 locis
536 3919 693 3994 spirituum
713 3932 939 3996 accentuumque
959 3930 1044 3978 notae
1065 3918 1194 3993 dilapsae
1214 3918 1345 3990 abierint,

128 4040 218 4096 aegre
239 4019 383 4091 hocsem,
404 4020 517 4095 aegrius
539 4040 607 4079 vero
622 4023 697 4098 quod
718 4025 781 4099 ipse
801 4025 877 4081 iusto
898 4023 1014 4097 saepius
1040 4031 1173 4077 accentus
1193 4039 1345 4097 perperam

127 4125 242 4201 positos
263 4123 406 4198 corrigere
427 4123 556 4199 neglexi3
576 4125 626 4199 qui
647 4145 760 4184 errores
781 4145 870 4200 quam
888 4123 968 4200 digni
987 4124 1045 4180 sint
1058 4123 1109 4197 qui
1123 4122 1248 4197 graviter
1261 4122 1345 4178 casti-

126 4237 234 4302 geritur
255 4226 345 4300 probe
366 4226 434 4297 scio,
455 4245 632 4301 quamquam
652 4248 745 4303 uapue
765 4245 856 4303 aeque
870 4244 963 4302 neque
982 4227 1140 4301 prudenter
1154 4224 1345 4281 existimantis
