3270 5034
288 394 350 475 330
733 411 930 481 epigrammata
948 412 1113 482 dedicatoria,

287 580 351 651 dee3
371 588 401 639 et
420 581 481 639 iors
501 601 539 639 an
560 579 652 656 ipsius
672 579 715 638 rei
736 579 870 656 quamvis
890 581 1017 639 auctoris
1041 582 1173 640 socordia
1202 581 1400 641 oblitteratam
1421 592 1503 640 tene·

183 714 185 721 >
287 693 369 732 amus
388 675 567 735 memoriam
601 671 724 734 Cassius
744 673 820 732 enim
840 672 898 731 Dio
918 674 1005 748 69,10
1024 688 1124 734 narrat
1143 666 1201 754 περὶ
1221 664 1271 743 τοὶς
1291 664 1378 752 λήροις
1399 675 1500 735 ἐσπου-

285 762 394 826 δακέναι
419 766 530 842 λέγεται
547 812 554 828 .
573 811 580 826 .
598 758 645 825 κοιλ
664 755 743 825 πᾶλιν
770 765 797 825 ἐν
820 771 855 841 τῆ
880 760 981 849 Μυσίᾳ
1006 761 1107 838 οἰκίσας
1127 765 1273 847 'Adposui
1301 759 1388 847 θήρας
1414 758 1503 844 αὐτὴν

208 885 210 891 ’
288 852 439 938 ὠνόμασεν,
459 860 630 937 quibuscum
650 879 780 938 conpara
805 839 879 937 quse
900 861 1023 920 Marium
1045 862 1205 922 Maximum
1230 871 1345 922 secutus
1366 860 1501 939 Spartia-

286 973 342 1014 nus
366 956 456 1015 tradit
475 955 583 1031 (Hodr.
605 973 628 1013 o.
642 953 703 1031 20):
724 956 857 1030 oppidum
875 955 1120 1016 Hadrianotheras
1143 961 1172 1014 ἑο
1198 959 1319 1034 quodem
1342 957 1399 1014 looo
1425 960 1504 1032 quod

286 1050 343 1108 r’th'o
362 1058 388 1108 et
399 1049 520 1124 feliciter
538 1058 652 1106 metus
677 1059 742 1107 essu
766 1059 793 1108 et
813 1067 931 1107 ursam
956 1052 1146 1110 occidisset
1169 1053 1324 1127 ολίςοαοᾶο
1350 1054 1500 1110 casamo.

286 1141 497 1221 Neglegentise
516 1150 639 1219 arguunt
657 1142 839 1203 levissimum
858 1141 1028 1218 scriptorem
1048 1146 1138 1203 rerba
1158 1149 1187 1202 in
1207 1147 1331 1220 quodam
1352 1145 1426 1216 looo;
1452 1145 1502 1203 oui

287 1237 312 1296 si
332 1256 421 1295 unam
442 1255 538 1295 ursam
558 1236 753 1312 inperatorem
773 1236 914 1297 occidisse
934 1246 1093 1296 memoratu
1115 1238 1233 1315 dignum
1246 1238 1406 1310 videbatur,
1427 1238 1501 1313 quid

287 1331 432 1390 dicturum
453 1329 543 1389 fuisse
562 1338 658 1405 putes,
678 1331 751 1389 duas
771 1331 797 1389 si
817 1331 986 1392 occidisset?
1007 1330 1151 1390 Turbevit
1171 1332 1275 1408 opinor
1288 1332 1379 1390 fontis
1392 1349 1502 1409 aquam

215 1448 221 1461 ·
290 1442 435 1499 unamque
449 1443 509 1482 rem
530 1442 567 1481 ex
586 1423 699 1482 duabus
724 1423 800 1484 iecit.
833 1423 975 1486 Primitus
1000 1426 1076 1484 enim
1096 1431 1126 1484 et
1152 1424 1408 1485 Hadrianotheras
1434 1445 1504 1485 eum

288 1517 452 1577 condidisse
472 1528 500 1576 et
514 1516 651 1594 Thespiis
670 1537 770 1577 ursam
789 1518 969 1579 interfecisse
986 1519 1082 1597 ipsum
1096 1519 1143 1588 (ci.
1158 1538 1186 1578 v.
1201 1519 1232 1595 6)
1255 1527 1405 1578 nemetim
1429 1528 1503 1577 erat.

286 1644 324 1655 -
349 1613 360 1668 l
384 1600 511 1690 Κύπριδα
531 1604 628 1685 λιγείην
648 1631 705 1670 non
726 1632 839 1685 ncram;
869 1633 938 1672 num
958 1613 1033 1671 forte
1053 1613 1201 1671 Musarum
1221 1614 1315 1672 esuris
1334 1616 1430 1672 Ascra
1450 1613 1502 1672 de·

287 1703 347 1762 leta
371 1703 513 1780 Thespias
537 1704 687 1764 translatis
707 1704 812 1765 Veneri
837 1706 986 1766 hiusarum
1011 1715 1040 1765 et
1064 1707 1188 1784 speciem
1215 1715 1245 1767 et
1269 1709 1503 1768 nominationem

287 1796 415 1872 aliquam
440 1797 598 1858 edoessisse
621 1800 806 1876 putabimus?
835 1803 940 1861 Μοῦσα
965 1798 1055 1874 testie
1078 1810 1123 1859 est
1141 1820 1188 1878 ap.
1210 1800 1368 1860 Homerum
1394 1799 1450 1862 Od
1478 1828 1503 1862 ω

287 1889 333 1949 62.
354 1924 392 1935 -
413 1891 430 1950 3
452 1885 524 1967 πηγὴ
544 1886 700 1972 Ναρκίσσου
727 1894 807 1970 apud
827 1893 974 1973 Thespias
993 1892 1078 1954 Paua.
1100 1893 1145 1953 IX
1167 1895 1213 1968 31,
1226 1897 1252 1954 7.
1272 1928 1310 1940 -
1332 1896 1349 1952 7
1370 1884 1503 1975 σοὸψρων

286 1985 426 2061 gaudebit
445 2004 513 2045 rara
531 1988 586 2046 hac
605 1988 691 2047 lande
705 1987 805 2061 Amor,
825 2007 885 2064 qua
904 2007 962 2049 non
982 1990 1148 2066 impertitus
1168 1999 1247 2048 esset
1266 1988 1378 2066 opinor,
1399 1990 1425 2049 si
1439 2009 1502 2049 me-

286 2078 343 2138 lius
364 2078 514 2141 Hedrianc
535 2081 573 2141 ad
594 2099 711 2141 versum
729 2081 904 2160 explendum
924 2083 1096 2143 vccabulum
1115 2089 1235 2161 praesto
1254 2082 1368 2143 fuisset.

284 2387 447 2542 812.Χᾶἱί
473 2392 608 2470 Plagiam
628 2392 714 2453 Lesbi
739 2394 850 2453 insulae
876 2394 1025 2471 oppidum.
1070 2393 1165 2454 Conse
1195 2394 1260 2453 Itis.
1286 2395 1365 2453 ismael.
1394 2395 1500 2454 Thrac.

283 2484 342 2544 tab.
458 2487 481 2546 l.

413 2609 534 2695 Ζ]ηοὸς
557 2611 613 2675 καὶ
637 2610 753 2686 Μαίας
775 2608 946 2692 ἐρικυδέος
967 2604 1092 2695 ἀγλαὸν
1110 2607 1245 2699 (Ερμῆβ

496 2707 667 2796 εὐκάρπου
690 2711 868 2798 [οτ]ῆ[ο]εο
889 2706 1042 2799 [ο]ό[οὸ]ε
1065 2710 1153 2798 [Qui
1174 2709 1338 2799 φυταλίης

412 2810 549 2896 Βάκχων
572 2814 688 2889 Ζωοῦς
709 2804 808 2898 vihis,
831 2806 925 2890 ὅπως
946 2809 1079 2900 hasnum}
1102 2810 1158 2877 διὰ
1180 2806 1305 2888 παντός

495 2903 644 2996 ἄμπελος
665 2906 791 2996 ὡραῖον
813 2911 943 3000 καρπὸν
965 2907 1022 3000 ἔχῃ
1042 2904 1202 2997 βοτρύων.

349 3020 369 3083 5
413 3009 484 3080 ἀλλ’
504 3011 612 3092 ἵλαος,
636 3004 727 3091 ἄναξ,
752 3015 869 3091 Ζωοῦς
891 3012 984 3097 γένος
1005 3006 1144 3100 εὔφρονι
1167 3014 1279 3093 duruit

495 3114 606 3202 σῶιζο,
631 3112 745 3192 διδοὺς
766 3108 882 3192 etrozo
902 3104 1058 3199 ἄφθονον
1079 3101 1179 3195 ὄλβον
1200 3106 1264 3177 ἀεί.

362 3255 529 3314 Litteraec
556 3258 586 3313 et
605 3270 632 3312 ω
656 3253 799 3330 sequioris
819 3252 938 3325 setatis3
967 3268 982 3309 ο
1006 3257 1036 3309 et
1057 3255 1072 3319 ζ
1097 3250 1209 3309 litterae
1235 3249 1329 3308 forma
1352 3250 1500 3310 vetustior

284 3350 514 3428 simulqueiota
537 3368 594 3407 non
614 3347 828 3408 dativoeolum
850 3346 936 3422 (ah)
956 3344 1113 3405 sedetiam
1135 3344 1164 3401 in
1189 3344 1279 3402 verbo
1306 3344 1387 3410 οῶιζε
1408 3343 1450 3420 (r.
1466 3346 1499 3423 6)

283 3444 477 3522 adscriptum,
507 3443 605 3501 omnis
629 3443 700 3501 hoec
725 3440 844 3500 alteriue
867 3460 894 3516 p.
921 3438 989 3501 Chr.
1003 3459 1030 3498 n.
1056 3436 1161 3497 sseculi
1186 3436 1369 3513 antiquitatis
1399 3438 1499 3499 studio

283 3539 469 3599 conveniunt
488 3572 526 3583 -
548 3537 565 3595 h
586 3550 855 3598 ..florianorum
876 3551 949 3593 corr.
971 3531 1075 3593 Conse.
1095 3564 1133 3575 -
1154 3531 1171 3589 3
1190 3518 1285 3606 ῥολοῆ
1303 3530 1408 3607 scripsi
1428 3532 1498 3594 coll.

283 3634 355 3692 fles.
373 3629 485 3711 ῥοδονόν·
505 3623 688 3691 &distortores
713 3636 744 3688 et
763 3630 860 3704 Etym.
879 3627 914 3685 hi.
939 3629 1006 3701 104,
1025 3627 1043 3685 5
1065 3614 1159 3684 deiri
1185 3612 1292 3704 ψυλλον
1312 3614 1500 3684 &thermo

284 3723 346 3785 sisar
371 3718 450 3787 neeri
474 3724 576 3805 ἀνέμῳ.
617 3723 721 3783 Possis
746 3722 836 3780 etiam
861 3712 964 3795 πυκοῆ.
1009 3719 1170 3779 Mercurius
1201 3719 1231 3777 in
1261 3717 1352 3777 hortis
1382 3720 1499 3795 positus

283 3820 386 3897 Priapi
406 3821 467 3881 vioe
485 3820 620 3898 fungitur.
642 3850 679 3862 -
694 3816 728 3876 In
748 3813 879 3875 eiusdem
898 3814 1015 3875 tabulae
1034 3823 1117 3893 perte
1136 3812 1239 3872 dextra
1258 3811 1329 3871 haec
1349 3811 1498 3890 leguntur:

639 3953 1097 4004 ssrcrszusesxstuomsrrer

638 4045 1121 4119 sommasesusrnsusrrsxow

283 4169 330 4228 ubi
355 4178 434 4226 certo
462 4166 660 4244 corrigendum
681 4160 801 4243 Ἀρίστα
822 4152 929 4244 Ζω[ωΊ,
954 4163 969 4240 ἦ
990 4158 1155 4244 Βοκχωνείω
1182 4155 1283 4242 μα’τηρ.
1328 4162 1441 4223 Tamen
1468 4177 1501 4226 ut

281 4268 364 4340 petet
384 4260 564 4336 Aphrodites
584 4270 612 4318 et
633 4262 778 4320 Athenam
803 4266 854 4319 aut
883 4270 1035 4335 utramque
1054 4263 1105 4316 aut
1124 4258 1245 4317 alteram
1266 4268 1362 4317 utram
1381 4246 1501 4333 ὑπήκοον

240 4410 242 4412 ,
281 4353 450 4434 pressiori,
475 4356 519 4414 ita
539 4373 630 4433 neque
651 4348 751 4435 ἀρίστα
770 4353 874 4414 matris
894 4353 1043 4433 epitheton
1062 4353 1221 4415 admodum
1245 4352 1384 4414 credibile
1403 4365 1449 4412 est
1469 4367 1501 4415 et
