3270 4994
206 385 240 443 11.
267 385 376 440 heroum
388 390 415 441 et
425 388 539 442 virorum
552 388 681 442 clarorum
703 392 876 443 monumenta
886 390 1018 445 artificum
1029 390 1178 461 artiumque
1193 391 1274 448 tituli.
1291 391 1354 457 499

215 554 276 613 Res
310 560 381 614 nota
411 565 548 615 narratur
578 557 609 616 in
638 557 763 617 Homeri
792 566 823 619 et
841 558 965 618 Hesiodi
985 557 1160 618 Certamine.
1202 558 1355 638 Inseriptio

137 648 275 708 codicum
296 649 448 709 confirmat
467 650 619 710 lectionem
641 640 682 710 ἔπ’
703 649 765 732 οὐχ,
786 654 924 729 reprobat
942 652 1092 730 vulgatam
1111 640 1165 712 ira
1185 647 1211 710 d
1231 650 1292 732 οὐχ.

218 825 262 886 lv
283 827 316 885 In
338 828 442 886 dextra
461 827 593 904 picturae
613 839 697 904 parte
717 848 804 907 oaper
816 830 906 890 vitem
919 830 1044 904 adrodit,
1064 831 1102 888 ad
1115 830 1264 890 sinistram
1277 830 1355 889 idem

141 939 229 997 eaper
249 939 350 979 versus
372 939 453 980 aram
473 922 502 979 vi
521 922 711 999 protruditur,
731 925 811 984 euius
825 934 913 1000 eaput
925 924 1011 983 homo
1025 923 1135 1000 aliquis
1149 942 1206 982 uva
1218 942 1357 1002 exprsam

145 1015 213 1073 vino
233 1015 389 1091 inspergit:

245 1129 319 1204 miv
339 1162 381 1221 μα
404 1133 515 1228 φάγῃς
537 1142 617 1208 ποτὶ
640 1141 747 1231 ῥίζαν,
769 1139 859 1226 ὅμως
880 1137 929 1209 ἔτι
952 1136 1218 1230 καρποφορίσω,

336 1235 438 1305 ὅσσον
463 1238 662 1309 ἐπισπεῖσαι
685 1243 750 1321 σοι’,
773 1241 884 1328 τράγε,
909 1243 1076 1329 θυομένῳ.

220 1375 415 1453 Epigramma
434 1384 536 1455 utpote
555 1380 683 1455 picturae
703 1378 902 1439 inlustrandae
922 1396 1010 1437 eausa
1030 1379 1169 1457 seriptum
1188 1397 1273 1437 nemo
1296 1378 1356 1437 iam

141 1469 288 1528 dubitabit
309 1471 380 1544 quin
399 1470 546 1548 integrum
566 1473 605 1531 sit
623 1473 763 1532 traditum
782 1473 817 1531 Α.
838 1472 904 1531 Pal.
929 1471 977 1530 IX
997 1472 1034 1529 75
1054 1472 1149 1531 Eueni
1174 1472 1289 1531 nomine
1312 1472 1356 1529 in·

144 1563 283 1640 signitum
297 1562 494 1625 Ascalonitue.
526 1565 681 1643 Expressit
700 1573 798 1625 autem
817 1567 936 1625 Euenus
958 1566 1019 1642 (cui
1038 1584 1103 1623 oum
1122 1566 1236 1642 pictura
1254 1564 1356 1622 inseri·

140 1657 238 1716 banda
268 1658 495 1717 esset-breviori
520 1677 585 1717 esse
603 1659 697 1736 licuit)
722 1659 871 1720 Leonidae
890 1658 1045 1718 Tarentini
1067 1658 1247 1735 epigramma
1265 1659 1303 1717 A.
1324 1656 1357 1714 P.

142 1751 189 1809 IX
210 1751 258 1825 99,
277 1751 358 1810 ouius
379 1759 540 1812 extremum
560 1772 677 1813 versum
696 1740 777 1813 ἕσσα
797 1750 951 1812 ἐπισπεῖσαι
971 1742 1022 1825 σοί,
1041 1738 1142 1830 ταίγε,
1167 1749 1294 1831 θυομένῳ
1313 1752 1357 1809 in-

118 1920 120 1923 ·
143 1856 255 1923 tegrum
276 1864 361 1904 suum
380 1845 458 1919 feeit,
480 1856 621 1923 tamquam
640 1850 726 1923 dipito
748 1858 949 1906 monurammo
968 1846 1120 1919 mempiam
1139 1863 1219 1903 taam
1238 1854 1262 1903 et
1272 1863 1357 1920 prae·

144 1940 216 1999 clari
231 1950 333 2016 poetae
352 1940 566 1998 admirationem
585 1945 762 2017 consessurus
782 1944 1020 2016 pratrtsimumqroe
1041 1955 1153 1997 carmen
1171 1938 1316 1997 lectoribus
1328 1942 1357 1995 m

142 2037 301 2092 memoriam
319 2034 493 2091 redactam.
524 2033 622 2093 Verba
641 2043 709 2092 sunt
727 2032 860 2106 Diltheii,
882 2034 931 2109 qui
951 2037 1067 2109 praeter
1080 2030 1207 2105 Hauptii
1226 2030 1357 2109 disputa-

142 2127 250 2186 tionem
267 2126 370 2201 Opmo.
385 2125 415 2183 11
430 2126 467 2184 72
488 2127 597 2190 adtulit
610 2125 735 2186 Phaedri
754 2127 849 2185 loeum
869 2126 907 2184 ab
919 2125 1051 2184 Vsenero
1072 2123 1229 2182 indicatum
1244 2124 1320 2201 prot
1338 2125 1357 2181 l.

141 2219 184 2278 IV
206 2222 250 2279 17.
271 2253 309 2264 -
331 2221 346 2277 1
363 2217 411 2295 κῆν
430 2221 492 2279 eod.
513 2219 606 2279 Palat
626 2230 656 2278 et
676 2219 765 2279 sohol.
780 2220 866 2277 Amat.
882 2220 956 2279 Plat.
979 2219 1070 2292 11293
1091 2211 1142 2277 καί
1157 2215 1234 2277 Suet.
1252 2218 1356 2278 Domit

141 2330 165 2370 o.
188 2314 233 2372 14.
255 2346 290 2359 -
307 2306 354 2372 ἐπί
369 2332 423 2391 pro
443 2306 508 2373 nuri
524 2314 586 2375 eod
606 2312 714 2385 Palat,
736 2313 826 2374 sohol.
845 2313 947 2389 Arist,
970 2311 1060 2388 Suet,
1079 2312 1168 2390 idque
1186 2310 1250 2369 iure
1273 2329 1359 2388 pras·

141 2413 223 2468 stare
242 2407 286 2466 ait
304 2405 435 2484 Dilthey.

220 2584 268 2644 De
288 2587 391 2662 quinta
410 2586 537 2664 quadam
556 2587 678 2665 pictura,
698 2605 773 2665 quae
792 2605 829 2644 ex
849 2585 972 2646 adverso
991 2582 1148 2644 fuitPanis
1168 2599 1234 2641 oum
1247 2582 1355 2641 Amore

143 2679 247 2754 luctae,
267 2680 339 2739 nihil
359 2692 493 2760 superest
511 2682 568 2741 nisi
581 2680 691 2742 Bacchi
711 2685 808 2741 statua
827 2679 932 2739 comite
944 2679 1088 2757 panthera
1099 2678 1130 2735 in
1143 2677 1203 2738 alto
1216 2683 1354 2755 suggestu

146 2774 281 2848 sedentis,
300 2774 462 2836 litterarum
481 2776 554 2836 nihil
574 2776 743 2854 quidquam.

145 3049 236 3109 ssot.
274 3049 387 3112 Romae
406 3054 436 3111 iu
456 3055 529 3116 basi.
569 3056 602 3115 G.
624 3057 646 3116 1.
667 3055 752 3115 6320.

318 3177 523 3266 Πορφυρέαν
545 3178 675 3265 ἐσθῆτα
698 3171 876 3262 λι]θοξοός
897 3174 932 3251 ἐς
952 3171 1036 3262 χρόα
1059 3171 1175 3240 λευκόν

400 3280 487 3366 θῆκε
511 3271 611 3365 φύσιν
634 3276 756 3365 ζηλ]ῶν
778 3270 897 3340 κάλλεϊ
915 3271 1122 3349 τεκτοαύαας.

227 3517 409 3576 ιαοοεοοε
429 3475 616 3577 corariam.
628 3511 831 3589 -Supplevit
850 3507 1049 3568 παππία
1069 3507 1224 3583 imaginem
1244 3504 1357 3563 intelle-

148 3629 220 3688 gens
240 3629 433 3670 marmoream
455 3620 534 3669 veste
552 3610 685 3668 indutam
704 3606 877 3684 porphyrea,
898 3601 1000 3680 quales
1019 3601 1080 3659 fieri
1101 3599 1231 3658 solebant
1251 3597 1361 3661 Gaesa-

150 3725 218 3765 rum
234 3715 387 3785 protomae
406 3704 498 3765 altero
518 3704 579 3764 iere
599 3701 723 3763 saeculo.

149 3984 244 4048 1108.
283 3985 358 4047 chio
377 3987 408 4046 in
428 3984 532 4047 insula.
573 3983 622 4044 Ex
642 3982 768 4044 Grutero
789 3976 935 4059 Sylburgii
962 3974 1074 4036 schedis
1101 3971 1251 4034 us00.1.
1273 3969 1360 4030 2229.

251 4107 373 4200 Ἑρμῆν
394 4111 451 4177 τὸν
474 4109 618 4196 κλέπτην
639 4132 690 4185 τις
711 4101 879 4192 ὑφείλετο·
903 4102 1033 4190 θερμὸς
1053 4093 1071 4166 ὃ
1095 4098 1249 4185 κλέπτης,

345 4209 467 4290 ὅςτῶν
488 4209 656 4297 φιλητέων
678 4207 769 4296 ῳχετ’
792 4196 948 4293 ἅνακτ[α]
971 4201 1092 4289 φέρων.

228 4352 244 4409 1
266 4351 367 4430 legunt
392 4341 434 4419 τίς
458 4340 602 4428 attritum
622 4377 660 4391 -
682 4344 700 4405 2
720 4359 833 4404 ΑΝΑκτι
852 4375 891 4388 -
911 4340 1018 4401 Fateor
1041 4336 1288 4486 nonaiptellegme
1316 4352 1363 4394 ma
