3248 4980
572 416 607 472 11.
624 416 773 471 Insularum
791 422 820 471 et
837 417 925 474 Asiae.

346 583 549 668 νοσφισθεὶς
571 584 698 661 κλαίεις
718 579 903 672 χηροσύννγν
927 580 1099 668 θαλάμων.

156 767 229 835 l5d.
264 768 370 831 Τοῦτο
394 764 629 856 σαοφροσύνας
651 770 751 857 γέρας
767 763 901 838 Ἀτθίδι
922 776 978 837 ταῑ
1001 765 1235 837 colonarium

340 864 401 935 οὐκ
424 865 507 956 ἴσον,
531 866 610 937 οὐδὲ
632 865 754 958 ἀρετᾶς
776 863 880 958 ὐξιον,
906 865 978 936 ἀλλ’
1001 870 1129 953 ἕθέριαν

263 966 399 1053 ρινοῖμαν
421 966 471 1049 εἰς
493 968 599 1037 αἰῶνα
622 967 828 1059 φερώνυμον,
852 967 953 1050 αὐτὸς
975 967 1118 1060 ἀνάγκαι

342 1074 443 1150 Θεῖος
466 1070 631 1161 νιριτιοὶχτοι
655 1077 785 1156 πνεῦμα
806 1069 1035 1160 χαριζόμενος·

272 1169 357 1240 οἴσω
379 1173 442 1258 γὰρ
466 1173 523 1240 καὶ
544 1178 644 1241 τοῦτο
665 1173 762 1259 χάριν
784 1175 842 1242 σέο
866 1177 923 1241 καὶ
944 1174 1002 1240 τὸν
1023 1170 1138 1264 dunen}

152 1279 193 1344 20
342 1266 470 1356 ὐμριασι
493 1280 565 1354 τοῖς
585 1283 736 1363 στυγνοῐς
758 1268 893 1360 ducum
915 1271 1040 1365 ἠέλιον.

218 1465 229 1505 1
250 1469 276 1508 a.
303 1447 372 1508 Chr.
399 1468 426 1506 n.
452 1448 569 1508 saeculo
594 1469 650 1508 non
675 1450 824 1526 antiquior
848 1450 949 1509 titulus
974 1470 1042 1509 rara
1061 1451 1185 1527 quadam
1206 1451 1362 1510 verborum

141 1543 418 1619 compositionisquc
443 1551 504 1602 arte
528 1543 710 1620 conspicuus.
757 1543 886 1620 Vtraque
910 1545 987 1602 enim
1012 1545 1144 1605 binorum
1170 1546 1362 1606 distichorum

142 1637 266 1713 stropha
284 1638 385 1711 ionice,
412 1646 532 1716 utraque
556 1643 704 1696 ternorum
730 1638 827 1697 dorice
847 1639 957 1716 scripta
977 1646 1031 1712 eat,
1051 1639 1107 1697 nisi
1130 1640 1207 1716 quod
1227 1660 1255 1697 v.
1276 1641 1294 1698 6
1315 1638 1362 1698 εὐ-

140 1718 275 1809 apocha
295 1740 324 1789 et
348 1751 375 1790 v.
391 1732 429 1790 20
444 1729 539 1807 ’ἠέλιον
563 1732 707 1808 lapidatio
732 1752 835 1810 parum
860 1733 978 1792 curioso
1004 1733 1123 1792 excidite
1154 1734 1361 1793 sententiarum

142 1834 238 1883 tamen
265 1844 353 1901 quam
378 1826 477 1885 dicunt
496 1826 674 1904 strophicam
694 1827 914 1902 responsionem
934 1827 1044 1885 frustra
1064 1845 1196 1904 quaeres.
1238 1827 1361 1887 Numeri

139 1919 298 1978 admodum
324 1918 442 1993 celeres,
466 1940 588 1997 quorum
615 1921 640 1978 si
660 1921 776 1997 quando
796 1919 1022 1997 penthemimere
1046 1920 1200 1996 impeditur
1227 1921 1363 1980 volubili·

140 2022 201 2085 tae,
232 2023 437 2090 compensatur
466 2014 538 2073 hoec
568 2033 651 2073 mora
675 2014 804 2073 bucolica
831 2031 964 2084 caesura3
996 2033 1071 2091 quae
1094 2015 1159 2090 ipsa
1183 2014 1274 2072 sicubi
1301 2015 1362 2073 fere

141 2106 322 2166 desideratur
351 2108 392 2185 (v.
410 2109 474 2186 13),
505 2108 642 2168 inciditur
671 2099 746 2167 κιττοὶ
774 2098 860 2186 τρέττν
889 2105 1022 2186 τροχαῖον.
1068 2107 1151 2181 Quae
1180 2115 1248 2167 sunt
1272 2109 1361 2167 eiiam

72 2194 75 2197 ’
141 2200 243 2260 Bionis
267 2201 448 2280 aliorumque
473 2204 638 2280 aequalium
666 2211 816 2278 poetarum
841 2201 919 2278 leges
948 2201 1093 2260 metricae.
1113 2233 1149 2244 —-
1171 2200 1189 2259 2
1211 2217 1360 2260 neoreenu

141 2294 262 2354 correxi.
303 2294 401 2355 Verbo
433 2296 564 2378 προτερεῖν
594 2297 737 2355 neminem
768 2295 837 2353 novi
866 2295 916 2371 qui
947 2296 1002 2354 hoc
1032 2295 1196 2373 significatu
1228 2314 1297 2354 usus
1324 2296 1364 2354 sit

141 2396 259 2464 praeter
278 2390 453 2466 Dionysium
474 2391 762 2450 Halicarnassensem
782 2389 953 2450 Cnidiorum
974 2389 1135 2449 finitimum.
1156 2424 1193 2433 —
1216 2390 1360 2449 ozezeza

143 2492 176 2540 ut
195 2502 282 2560 saepe
302 2483 363 2544 inic
382 2495 531 2545 terrarum.
546 2519 584 2559 ε-
601 2485 635 2544 18
655 2485 773 2562 gravius
793 2503 851 2542 non
872 2483 932 2541 vidi
951 2483 1011 2542 sato
1027 2502 1153 2560 unquam
1171 2483 1360 2561 opprobrium

141 2577 259 2636 sactum.
277 2610 312 2622 —
326 2577 363 2638 22
384 2578 508 2654 ττοχνιῒς
526 2571 640 2661 danari
660 2582 764 2637 ochema
778 2578 878 2652 oeulis,
900 2578 973 2637 siout
994 2597 1084 2656 supra
1103 2598 1131 2637 n.
1147 2577 1200 2636 149
1221 2564 1359 2655 υλριητρύς
1467 2608 1470 2613 ·

144 2676 286 2751 στυγερῆς.

142 2949 220 3012 205.
260 2952 308 3011 Ad
327 2951 573 3014 Halicamaeaum.
613 2952 754 3012 chohcr
773 2954 840 3014 Rev.
861 2953 981 3014 στελεοὶ.
1004 2952 1079 3013 1846
1099 2953 1127 3013 ΙΙ
1151 2953 1205 3012 134

501 3109 640 3200 Μύρτον
656 3107 828 3196 Εὐβούλου
849 3112 998 3188 Μννδία,

624 3212 750 3302 χρηστὴ
770 3219 876 3299 χαῖρε.

271 3313 402 3401 Πατρὶς
422 3313 483 3397 μὲν
506 3309 652 3392 Μύνδος,
676 3315 816 3401 γενέτωρ
839 3315 876 3381 δέ
897 3337 960 3395 μευ
982 3309 1093 3378 ἔπλετ’
1112 3308 1238 3400 Ἰάσων,

359 3417 497 3502 στοργᾶι
520 3416 549 3479 d'
564 3411 738 3499 Εὐβούλου
760 3411 865 3502 κούρα
887 3409 1136 3500 ὐνεγραφόριαν·

270 3518 385 3583 τέκνον
406 3518 435 3581 d'
452 3511 696 3604 ἀρτιγοὶλακτον
714 3509 843 3582 Ἰάσονα
865 3514 969 3601 ματρὶ
991 3515 1139 3581 λιποῦσα

355 3616 442 3698 ζωᾶς
463 3613 647 3703 ἐστερόριαν
669 3616 957 3698 ε’ννεακαιδεχέτις·

186 3723 205 3784 5
270 3713 411 3783 αἱακτὰν
433 3719 470 3785 δὲ
493 3715 646 3805 θύγατρα
670 3714 928 3804 κατεστενάχιρσε
951 3715 1115 3803 Στρατειά

355 3811 412 3886 οἷά
435 3844 484 3898 τις
506 3817 636 3886 εἰναλία
659 3813 819 3904 δάκρυσιν
841 3812 1005 3896 ὐλκιιονίς.

271 3911 409 3987 mihera
430 3921 490 3986 τὰν
513 3919 597 3985 κατὰ
619 3921 680 4004 γᾶς
703 3910 849 4006 Μύρτον,
875 3918 973 3998 ξένοι,
997 3909 1198 4006 αὐδήσαντος

353 4019 481 4108 χαίρειν
503 4018 562 4087 τὰν
584 4015 687 4088 αὐτὰν
709 4014 926 4103 ὐντινέμεσθε
947 4011 1051 4107 χάριν.

223 4211 245 4252 11
273 4195 331 4254 sere
357 4214 383 4256 a.
406 4193 473 4255 Chr.
499 4215 527 4253 n.
553 4211 628 4252 saec.
648 4225 686 4236 -
707 4192 724 4251 2
746 4191 862 4270 Myrton
886 4192 923 4250 ab
943 4191 1061 4250 Eubulo
1086 4192 1226 4268 adoptata
1245 4190 1360 4249 caelebs

144 4296 261 4362 partum
280 4288 405 4349 edidisse
424 4289 546 4348 videtur.
562 4320 599 4330 -
615 4287 633 4344 6
648 4286 692 4363 egi
713 4286 749 4343 de
768 4285 822 4344 hoc
841 4293 926 4345 versu
948 4286 1094 4343 Commeat.
1115 4286 1260 4365 Bonnam.
1282 4302 1312 4358 p.
1323 4282 1360 4342 26

145 4382 230 4443 Adde
252 4382 389 4464 [Moschi]
411 4382 453 4444 111
478 4384 516 4444 40
542 4372 667 4452 ἀλκυονὶς
692 4376 760 4441 dui
787 4367 885 4440 νέατον
911 4378 968 4457 (sic
991 4379 1143 4460 legendum
1168 4396 1231 4438 eane
1257 4376 1360 4439 donent
