3270 4994
209 394 212 402 '
269 401 333 469 468
741 396 938 467 Epigrammata
957 396 1038 450 varia.

271 576 374 646 poetae
385 586 491 626 nomen
503 567 714 644 praescriptum
730 571 784 636 est,
803 575 936 642 recteque
946 565 1080 623 Visconti
1090 564 1262 624 Marcellum
1273 563 1392 626 Sideten
1410 562 1499 621 intel-

272 664 353 739 lexit,
373 664 455 722 cuius
471 671 603 738 superest
619 661 817 737 fragmentum
832 652 890 739 περὶ
910 647 1015 739 1χοιῖον
1028 660 1120 735 (Post.
1136 660 1223 718 bacol.
1240 670 1266 718 et
1283 659 1389 716 didaci.
1402 655 1499 715 Paris.

274 759 372 835 1846).
395 758 531 817 Eundem
542 764 638 815 autem
649 756 771 813 alterum
781 774 897 831 quoqne
910 773 1026 815 carmen
1043 753 1206 830 scripsisse,
1217 751 1422 830 quodBrunck
1440 751 1501 827 ipsi

273 852 386 911 Herodi
406 851 514 925 tribuit,
535 859 614 909 certa
634 856 680 908 est
694 849 835 909 Viscontii
856 850 1028 910 coniectura.
1060 847 1138 905 Nam
1158 857 1191 905 ut
1210 853 1324 906 taceam
1345 845 1501 921 utriusque

271 946 407 1004 carminis
434 949 527 1004 artem
551 945 694 1003 rationem
713 944 842 1003 indolem
862 945 948 1021 plane
968 942 1121 1020 aequales,
1147 942 1197 999 vix
1213 940 1354 1000 Herodem
1376 945 1449 1017 puto
1472 941 1500 997 si

271 1040 333 1116 ipse
354 1039 497 1097 voluisset
515 1038 624 1116 ingenii
644 1039 688 1096 sui
714 1039 872 1115 periculum
899 1038 993 1097 lacere
1019 1037 1075 1095 sibi
1103 1053 1167 1094 eam
1195 1034 1356 1111 argumenti
1382 1042 1501 1109 partem

271 1140 455 1211 sumpturum
480 1132 586 1205 fuisse,
618 1150 692 1208 quae
723 1152 741 1190 a
772 1133 874 1208 quovis
899 1131 958 1190 alio
983 1130 1102 1189 tractari
1127 1136 1242 1206 posset,
1274 1129 1502 1186 domesticarum

273 1246 371 1285 rerum
390 1227 544 1303 gentisque
565 1244 636 1284 suae
656 1225 840 1284 enarratione
859 1225 1000 1284 Marcello
1020 1224 1130 1284 relicta
1163 1221 1269 1299 Neque
1289 1222 1407 1280 illorum
1427 1241 1501 1298 poe-

273 1328 371 1380 tarum
392 1322 441 1397 qui
462 1320 634 1379 Hadrianou
655 1319 770 1378 saeculo
790 1319 973 1396 pullulabant
992 1338 1055 1378 mos
1076 1324 1140 1376 erat
1154 1324 1187 1378 ut
1207 1318 1278 1394 quid
1298 1315 1356 1392 ipsi
1377 1317 1501 1392 ingenio

272 1415 402 1474 valerent
422 1414 497 1472 alios
518 1414 653 1472 celarent.
684 1414 785 1488 Itaque
806 1415 884 1489 quod
899 1412 1029 1472 Marcelli
1052 1410 1169 1471 nomine
1188 1410 1358 1487 insignitum
1373 1415 1420 1467 est
1433 1428 1498 1467 car-

273 1528 337 1567 men
364 1509 462 1584 priore
488 1507 552 1566 loco
572 1507 666 1584 posui.
706 1507 840 1566 Diversis
867 1514 965 1566 autern
991 1506 1062 1565 locis
1082 1504 1188 1564 Clarae
1212 1504 1358 1562 intellexit
1382 1503 1501 1580 lapides

272 1601 383 1679 positos
403 1600 508 1675 fuisse,
536 1619 657 1677 quorum
678 1600 781 1659 titulos
807 1601 888 1659 nulla
909 1619 1004 1658 rerum
1031 1599 1244 1658 necessitudine
1269 1599 1344 1656 inter
1368 1616 1401 1657 se
1427 1618 1500 1656 con-

272 1696 387 1754 iunctos
414 1712 477 1754 esse
504 1695 632 1771 adparet
676 1694 778 1753 Vicina
803 1695 911 1753 luerint
930 1695 1079 1752 Minervae
1104 1693 1299 1768 Nemesisque
1324 1701 1353 1749 et
1381 1690 1500 1751 Cereris

273 1789 487 1866 Faustinaeque
507 1789 588 1863 lana,
615 1789 659 1847 ita
684 1795 781 1846 tamen
802 1798 833 1846 ut
852 1788 1013 1866 Triopeum
1033 1787 1207 1865 ingredienti
1228 1787 1349 1849 alterum
1375 1788 1500 1864 propius

272 1892 405 1942 esset—
420 1884 437 1941 3
451 1884 551 1942 Annia
571 1883 688 1961 Regilla
707 1883 798 1961 Appii
819 1882 906 1941 Annii
928 1882 1012 1940 Atilii
1031 1881 1165 1940 Braduae
1185 1881 1257 1957 (cos.
1278 1901 1304 1941 a
1321 1882 1390 1957 160)
1411 1899 1501 1939 soror

273 1984 351 2050 erat,
378 1996 500 2053 quorum
525 1997 562 2034 ex
591 1977 757 2036 nominibus
777 1977 884 2036 frustra
903 1977 1104 2054 cognationem
1124 1977 1161 2035 ab
1174 1975 1247 2052 ipsis
1261 1975 1341 2034 Iuliis
1355 1979 1498 2034 Aeneave

273 2071 431 2130 ducendam
454 2072 674 2146 quaesiverunt3
695 2071 749 2129 illo
769 2070 846 2129 enim
867 2077 996 2148 tempore
1017 2090 1117 2129 omnes
1130 2070 1258 2130 Romani
1278 2071 1430 2127 Aesacodoe
1444 2089 1499 2127 vo-

272 2164 412 2221 cabantur
436 2165 546 2240 poetis,
573 2165 608 2223 cf.
634 2183 724 2242 supra
743 2166 781 2224 ad
800 2185 829 2224 n.
844 2166 947 2236 stas.
968 2200 1007 2210 -
1028 2165 1045 2223 6
1069 2165 1195 2224 Cererem
1220 2183 1321 2222 nouam
1347 2170 1425 2222 recte
1451 2164 1499 2221 in·

272 2256 444 2314 tellexerunt
463 2257 647 2329 Faustinam,
668 2278 761 2336 neque
781 2270 849 2335 post
869 2259 975 2337 Heysei
995 2259 1121 2318 calculos
1134 2279 1152 2317 a
1165 2258 1289 2317 Franzio
1303 2257 1498 2317 confirmatos

273 2359 430 2425 auctosque
456 2351 578 2411 dubium
603 2370 666 2409 esse
692 2361 789 2428 potest
815 2353 884 2428 quin
905 2353 1044 2412 Faustina
1070 2353 1162 2412 maior
1181 2351 1320 2412 Antonini
1346 2350 1396 2409 Pii
1421 2371 1498 2409 uxor

273 2445 461 2521 significetur,
482 2463 557 2520 quae
576 2445 665 2502 etiam
686 2445 716 2501 in
735 2447 861 2504 nummis
883 2448 1000 2523 saepius
1021 2447 1134 2506 Cereris
1155 2447 1252 2523 specie
1276 2446 1373 2504 utitur.
1410 2442 1496 2503 Nam

274 2547 305 2594 ut
330 2538 456 2596 breviter
476 2538 640 2615 conplectar
660 2557 734 2614 qnae
753 2539 810 2597 huc
829 2540 947 2614 faciunt,
967 2540 1111 2617 Regillam
1125 2559 1211 2617 quam
1228 2550 1293 2616 post
1314 2539 1412 2597 fratris
1426 2558 1497 2597 cun·

275 2631 403 2689 sulatum
418 2631 459 2707 (a.
475 2632 544 2709 160)
559 2632 666 2690 obiisse
686 2651 723 2690 ex
737 2631 919 2694 Philostrato
934 2641 1055 2708 constat,
1076 2643 1142 2691 ante
1156 2652 1264 2691 annum
1282 2632 1334 2691 161
1348 2642 1498 2691 mortuam

275 2744 338 2795 esse
352 2742 472 2783 necesse
486 2732 539 2798 est,
554 2725 579 2782 si
594 2725 711 2800 quidem
724 2727 889 2784 Antoninus
903 2726 981 2801 Pius,
1002 2729 1051 2804 qui
1065 2749 1091 2787 a
1112 2728 1163 2785 161
1179 2727 1311 2796 decessit,
1331 2725 1445 2785 Herodi
1460 2727 1499 2785 de

274 2819 375 2878 uxoris
406 2827 497 2874 morte
525 2819 654 2895 graviter
679 2819 794 2878 adflicto
821 2819 918 2879 solatii
944 2821 1054 2898 aliquid
1078 2822 1225 2881 adlaturus
1245 2822 1373 2880 Atticum
1399 2820 1499 2879 filium

276 2913 408 2989 patriciis
430 2913 582 2988 adscripsit
600 2910 649 2988 (Ο.
669 2912 693 2971 Ι.
715 2913 791 2972 6185
811 2914 877 2974 0011.
897 2935 924 2974 ν.
940 2913 1001 2992 18).
1032 2915 1144 2975 Herodi
1164 2936 1230 2975 cum
1249 2915 1403 2994 Triopeum
1425 2933 1498 2973 con·

276 3007 357 3066 deret
382 3006 439 3065 duo
460 3006 544 3064 liberi
563 3017 734 3084 supererant
752 3008 793 3081 (ν.
811 3008 869 3085 16),
890 3028 906 3065 0
926 3009 1029 3085 quibus
1050 3009 1184 3085 Elpinice
1203 3011 1266 3068 iilia
1285 3016 1352 3087 post
1371 3018 1498 3067 matrem

277 3107 350 3159 teste
371 3099 559 3172 Philostrato,
580 3101 629 3159 sed
650 3110 717 3159 ante
737 3107 853 3160 mortua
872 3113 917 3161 est
937 3122 1024 3179 quarn
1044 3110 1130 3180 pater
1149 3103 1286 3164 Sirmium
1312 3103 1349 3162 ad
1369 3104 1408 3163 M.
1432 3105 1498 3162 Au-

278 3195 381 3253 relinm
403 3195 596 3273 inperatorem
617 3195 861 3272 proficiscendum
894 3197 972 3274 quod
990 3198 1097 3256 factum
1118 3209 1163 3255 est
1176 3218 1202 3256 a
1219 3199 1283 3256 171.
1315 3197 1349 3255 ln
1367 3195 1499 3274 Triopeo

276 3288 369 3366 igitur
389 3290 446 3347 etsi
466 3289 619 3365 aliquanto
639 3300 706 3366 post
726 3290 859 3368 Regillus
879 3292 990 3350 obitum
1010 3300 1106 3349 tamen
1127 3301 1192 3349 ante
1212 3312 1237 3351 a
1254 3292 1303 3348 171
1334 3291 1499 3350 constituto

276 3381 433 3441 Faustinae
447 3384 561 3456 minori,
588 3402 662 3460 quae
682 3403 707 3442 a.
725 3384 779 3442 176
795 3385 858 3442 vita
871 3385 1001 3456 decessit,
1020 3404 1079 3443 non
1094 3390 1252 3462 potuerunt
1264 3384 1354 3442 divini
1367 3385 1498 3445 honores

277 3475 392 3549 haberi;
413 3479 543 3554 sequitur
556 3477 729 3537 Faustinam
749 3479 889 3536 maiorem
909 3478 1130 3555 intellegendam
1147 3498 1209 3537 esse
1222 3497 1288 3536 cum
1301 3477 1445 3536 Arnaldo.
1466 3513 1497 3523 -

281 3570 315 3628 10
335 3573 477 3630 sententia
496 3572 544 3629 hic
562 3581 681 3650 coepta,
707 3591 776 3631 mox
796 3572 854 3632 alio
875 3573 1005 3648 digressa
1024 3590 1052 3628 ν.
1070 3572 1179 3649 19sqq.
1200 3571 1308 3649 duplici
1334 3572 1415 3630 exitu
1441 3573 1496 3630 ab·

278 3663 401 3722 solvitur
420 3666 470 3722 hoc
489 3665 582 3723 0010111
608 3671 632 3723 ei
657 3668 760 3725 doloris
787 3670 899 3741 corstiqit
924 3676 953 3723 at
974 3667 1080 3741 Iupiter
1103 3667 1262 3740 defunctam
1289 3667 1329 3722 ad
1353 3664 1497 3724 beatorum

277 3759 352 3815 sedes
367 3760 542 3832 perduceret,
566 3759 674 3817 Cacsar
687 3760 762 3816 Iovia
782 3765 873 3835 patris
893 3761 988 3819 01001110
1002 3761 1094 3834 filiam
1114 3764 1210 3818 0010010
1231 3761 1332 3817 honore
1351 3760 1496 3832 adficeret.

279 3882 313 3892 -
338 3851 373 3907 17
389 3855 560 3925 priusquam
584 3857 723 3910 emaciatis
743 3855 815 3927 fines
839 3858 997 3928 01010900οη
1027 3859 1105 3911 recte
1130 3853 1274 3912 Martialis
1299 3853 1391 3911 600000
1417 3855 1496 3912 colos

278 3942 427 4000 conferunt
447 3944 509 4019 (IX
531 3944 589 4021 18).
610 3979 646 3989 -
672 3948 705 4005 19
720 3947 757 4004 ad
777 3943 878 4027 ἑπίηρον
898 3947 1092 4025 supplendum
1111 3948 1297 4024 participium
1318 3944 1396 4002 velut
1421 3937 1496 4020 olcu'g,

279 4046 309 4092 ut
329 4036 367 4093 sit
386 4035 460 4093 idem
481 4056 516 4094 ac
535 4031 727 4118 χαρισάμενος.
748 4073 781 4084 -
807 4041 892 4100 1001.
913 4041 949 4098 ad
969 4061 996 4098 ν.
1012 4041 1037 4102 6.
1059 4074 1097 4084 -
1118 4041 1155 4099 23
1170 4042 1268 4098 lanula
1287 4044 1317 4096 in
1338 4041 1415 4096 calce
1435 4042 1496 4098 001-

280 4133 413 4187 ceamenti
432 4131 559 4204 adposita
581 4132 683 4207 (schol.
707 4135 812 4211 10000.)
832 4144 895 4193 erat
908 4135 1021 4211 patricii
1036 4135 1214 4193 senatorisve
1226 4135 1347 4211 insigne,
1370 4133 1406 4193 ci.
1421 4132 1496 4192 Phi·

279 4220 360 4281 lostr.
376 4227 424 4282 vit.
441 4223 545 4282 Herod.
557 4244 586 4302 p.
597 4226 654 4284 555
670 4221 825 4308 ἐπισφύρων
844 4219 1013 4309 ἐλεφάντινον
1029 4224 1171 4308 μηνοειὸές.
1199 4228 1244 4287 cf.
1256 4226 1314 4286 Th.
1330 4227 1496 4287 Mommsen

279 4315 372 4377 Roem.
386 4317 506 4380 Forsct.
525 4319 548 4396 1,
569 4320 620 4396 qui
641 4322 807 4382 coercendis
827 4324 1014 4383 calceamenti
1034 4323 1157 4382 vinculis
1177 4322 1306 4381 lunulam
1326 4328 1496 4399 argenteam
