3262 4974
287 350 348 396 vill
821 330 954 400 praelatio.

288 502 390 559 iudicis
410 509 455 558 est
478 501 507 558 in
533 500 575 558 eis
596 498 667 556 solis
693 498 865 576 indagandis
889 512 940 559 aut
970 507 1085 582 tempus
1115 511 1206 560 terere
1234 512 1282 560 aut
1306 503 1499 581 eruditippem

287 611 442 662 ostentare.

367 707 505 782 Superest
525 706 609 781 longe
630 704 834 763 difficillimum
855 706 1028 766 emendandi
1049 707 1264 783 adnotandique
1278 727 1390 766 munus.
1417 708 1500 766 Duae

287 820 383 869 autom
404 820 471 867 sunt
491 807 688 865 adnotationis
707 814 816 883 partes,
837 808 929 865 altera
948 828 1024 884 quae
1044 809 1188 866 antecedit
1206 810 1302 886 ipsum
1321 812 1501 887 epigramma

288 915 380 972 locum
402 912 449 970 ubi
471 916 617 984 repertum
639 909 678 965 sit
696 908 879 984 editoresque
900 910 1029 968 indicans
1044 932 1050 966 :
1063 911 1110 968 ubi
1132 912 1249 969 minime
1269 913 1396 969 omnium
1417 913 1499 988 posui

288 1017 430 1075 editorum
452 1011 570 1069 nomina
591 1010 640 1067 sed
662 1029 763 1068 eornm
783 1013 832 1087 qui
852 1012 898 1070 vel
916 1011 1025 1088 optime
1045 1013 1197 1070 ediderunt
1209 1014 1255 1071 vel
1269 1014 1448 1090 plenissime,
1470 1026 1500 1071 ut

289 1119 452 1194 Corporum
474 1115 607 1184 editores,
635 1114 797 1190 superiores
819 1115 960 1172 editiones
980 1123 1235 1186 enumerarenmt;
1273 1135 1348 1192 quae
1368 1117 1430 1191 ipse
1450 1116 1500 1174 de·

290 1222 465 1296 scripseram
486 1216 624 1274 asterisco
645 1216 771 1273 numeris
792 1218 921 1293 praefixo
942 1217 1043 1274 notavi
1065 1251 1101 1261 -
1122 1218 1213 1277 altera
1233 1237 1307 1294 quae
1331 1227 1375 1274 est
1400 1219 1501 1276 critica

289 1331 320 1382 et
345 1318 593 1397 interpretatoria.
634 1316 724 1375 Cuius
751 1320 846 1394 primo
873 1321 937 1378 loco
964 1319 1083 1394 saepius
1109 1320 1236 1378 indicari
1264 1320 1372 1377 saeculi
1401 1331 1500 1379 notam

291 1427 461 1503 plerumque
487 1439 522 1477 ex
548 1420 662 1476 indiciis
688 1421 897 1498 epigraphicis‚
922 1422 1070 1481 interdum
1094 1441 1130 1479 ex
1155 1421 1252 1479 indole
1282 1423 1500 1499 epigrammatis

289 1526 451 1605 repetitam.
474 1522 538 1595 Qua
559 1523 588 1580 iu
609 1541 640 1579 re
660 1523 729 1598 quin
750 1540 838 1598 saepe
858 1525 1015 1582 erraverim
1035 1542 1094 1581 non
1113 1523 1222 1596 dubito,
1244 1542 1336 1599 neque
1350 1525 1502 1583 mirabitur

290 1630 338 1707 qui
362 1634 473 1706 quanta
494 1625 602 1682 incuria
621 1632 736 1699 praeter
756 1625 860 1683 atticos
881 1626 980 1685 titulos
999 1627 1137 1702 pleraque
1161 1646 1198 1683 ex
1217 1625 1361 1703 lapidibus
1379 1629 1503 1686 describi

292 1732 405 1790 soleant
425 1728 537 1786 noverit
558 1726 665 1803 quique
685 1744 773 1801 quam
795 1727 886 1785 fallax
906 1729 944 1786 sit
963 1747 1033 1787 usus
1053 1729 1224 1809 auriumque
1243 1729 1379 1788 iudicium
1400 1750 1502 1805 exper-

289 1845 336 1891 tus
364 1833 427 1890 erit
475 1829 552 1888 Tum
580 1828 688 1886 vanam
716 1829 868 1888 lectionem
896 1831 1037 1904 adstruxi,
1069 1851 1105 1889 ne
1130 1831 1204 1888 hanc
1228 1831 1345 1906 quidem
1371 1831 1500 1907 plenam:

291 1935 413 1993 meliora
433 1931 509 1990 enim
530 1932 579 1990 ubi
600 1935 718 2007 praesto
739 1943 820 1988 erant
840 1933 1011 2009 apographa
1031 1932 1176 1990 deteriora
1196 1938 1228 1991 ut
1254 1951 1308 2009 par
1335 1941 1380 1992 est
1403 1935 1503 2007 abieci,

292 2039 340 2096 ubi
361 2035 539 2096 dubitationi
560 2034 641 2091 locus
663 2034 814 2091 videbatur
834 2033 957 2111 relinqui
979 2036 1099 2101 carine
1120 2035 1190 2110 quid
1210 2036 1381 2095 omitterem.
1414 2036 1506 2093 Inter·

292 2158 358 2217 pres
379 2157 440 2195 esse
466 2136 563 2195 studui
589 2155 676 2210 quam
705 2135 894 2193 brevissimus
919 2143 947 2194 et
979 2157 1066 2212 quarn
1097 2137 1278 2208 rarissimus;
1308 2157 1401 2212 neque
1431 2139 1507 2194 enim

290 2260 366 2318 quae
387 2259 423 2297 ex
445 2239 582 2298 continua
601 2243 842 2315 epigrammatum
869 2238 993 2297 lectione
1018 2250 1122 2315 sponte
1151 2239 1333 2313 explicantur
1357 2247 1506 2314 tamquam

291 2345 320 2401 in
342 2343 469 2400 tironum
492 2360 573 2398 usum
594 2359 801 2415 usquequaque
821 2341 929 2413 monui,
951 2343 992 2398 eis
1013 2340 1072 2399 iere
1093 2351 1242 2399 contentus
1262 2359 1338 2415 quae
1358 2341 1396 2398 ad
1411 2360 1506 2397 emen·

294 2446 442 2504 dationem
464 2449 536 2518 apta
556 2453 583 2498 et
605 2442 767 2498 necessaria
787 2449 893 2500 essent.
935 2442 1000 2499 Hoc
1026 2443 1101 2500 enim
1127 2443 1260 2518 inprimis
1285 2443 1437 2500 consilium
1463 2462 1506 2501 se·
1556 2447 1558 2450 ’

292 2556 377 2607 cutus
397 2564 461 2603 sum
485 2556 516 2601 ut
536 2544 776 2619 epigrammatum
797 2544 886 2601 rerba
905 2544 1101 2603 emendatiora
1121 2563 1209 2620 quam
1229 2544 1322 2602 adbuc
1342 2545 1509 2620 legebantur

292 2663 495 2728 proponerem,
510 2647 605 2720 ,quod
636 2646 698 2703 fieri
729 2647 823 2721 potuit
848 2647 893 2704 rel
919 2647 1089 2705 melioribus
1114 2647 1234 2705 adscitis
1261 2648 1436 2723 apographis
1463 2649 1508 2705 rel

291 2751 464 2812 deteriorum
501 2750 557 2806 tide
590 2748 755 2806 adcuratius
781 2749 948 2806 examinata
978 2749 1024 2805 vel
1056 2747 1170 2806 selectis
1201 2749 1350 2807 doctorum
1379 2750 1507 2808 virorum

294 2853 553 2913 emendationibus.
595 2851 634 2907 Et
656 2852 708 2907 bas
733 2851 849 2927 quidem
876 2848 994 2908 minime
1024 2851 1145 2908 adfirmo
1175 2869 1273 2909 omnes
1302 2871 1348 2914 me
1379 2853 1507 2928 cognitas

295 2958 442 3028 habuisse,
465 2954 515 3013 sed
535 2954 614 3029 quod
634 2973 741 3029 paucas
762 2953 921 3011 memoravi
940 2953 1006 3010 hinc
1027 2953 1115 3010 nolim
1136 2954 1263 3029 reliquas
1288 2973 1334 3011 me
1360 2936 1508 3030 ignorasse

291 3061 468 3136 conligatum
502 3057 685 3132 praetermisi
710 3055 786 3113 enim
812 3056 956 3131 quidquid
988 3054 1130 3112 inutiliter
1158 3065 1206 3112 aut
1234 3055 1308 3113 falso
1328 3056 1507 3133 disputatum

293 3164 337 3222 rel
359 3162 518 3222 coniectum
539 3158 732 3215 demonstrari
752 3169 874 3233 poterat,
897 3179 932 3215 ne
949 3176 1040 3233 supra
1065 3159 1184 3215 modum
1209 3157 1278 3216 libri
1305 3158 1395 3215 moles
1421 3178 1506 3234 auge-

293 3273 373 3323 retur
393 3282 465 3321 nere
487 3260 671 3335 vituperandi
693 3271 788 3318 essent
809 3280 881 3336 quos
902 3270 952 3318 aut
973 3260 1092 3318 laudare
1112 3240 1230 3318 mallem
1251 3269 1301 3317 aut
1315 3281 1350 3318 ne
1364 3261 1507 3343 ¹vituperio

293 3368 409 3444 quidem
442 3365 547 3439 dignos
578 3371 719 3437 putarem.
760 3362 878 3421 Praeter
898 3362 1076 3421 Boeckbium
1108 3372 1136 3418 et
1155 3361 1371 3419 Kirohhoffium
1402 3365 1507 3439 quibus

294 3468 429 3545 equidem
450 3465 604 3524 laudandis
625 3483 681 3522 non
703 3486 756 3542 par
771 3453 839 3523 sum*
849 3465 1008 3524 felicissimi
1022 3465 1259 3541 epigrammatum
1276 3465 1407 3524 vindices
1421 3477 1507 3543 atque

296 3570 499 3630 emendatores
520 3568 677 3625 extiterunt
695 3559 863 3627 Fridericus
880 3569 987 3627 Jacobs
1008 3573 1037 3626 et
1057 3567 1240 3626 Godofredus
1252 3566 1411 3640 Hermann,
1432 3569 1507 3626 ulter

293 3674 393 3731 horum
407 3671 567 3729 studiorum
581 3670 699 3727 omnino
712 3671 856 3747 princeps,
867 3672 940 3730 alter
954 3671 1007 3730 hoc
1017 3671 1201 3745 potissimum
1213 3670 1328 3729 nomine
1339 3670 1506 3747 praeclarus

294 3776 374 3850 quud
396 3773 451 3831 etsi
473 3791 529 3829 nou
552 3772 657 3848 ubique
678 3793 776 3830 verum
798 3775 936 3850 reperiret
962 3774 1067 3847 ubique
1093 3780 1191 3831 tamen
1212 3774 1249 3830 ad
1276 3791 1373 3829 rerum
1399 3771 1507 3847 reperi·

294 3876 398 3934 endum
419 3875 494 3932 viani
516 3886 698 3934 monstraret.
733 3877 877 3934 Privatim
898 3881 1013 3953 praeter
1034 3893 1085 3933 vos
1106 3878 1197 3950 ipsos,
1214 3875 1380 3932 Hermanne
1395 3873 1507 3932 Vsener

293 3988 322 4036 et
342 3977 497 4036 Francisce
518 3977 685 4052 Buecheler,
707 3981 756 4054 qui
782 3978 912 4036 haerenti
938 3977 1009 4034 mihi
1035 3996 1182 4054 nunquam
1213 3976 1352 4034 auxilium
1382 3976 1505 4051 denega·

294 4081 392 4152 vistis,
428 4099 514 4138 unum
548 4091 667 4139 nanctus
703 4101 767 4140 sum
800 4081 897 4155 operis
931 4091 1079 4154 tamquam
1118 4081 1228 4137 socium
1262 4077 1434 4135 Vdalricum
1471 4079 1506 4136 de

295 4181 498 4256 Wilaruowitz,
520 4184 568 4260 qui
591 4194 619 4241 et
640 4182 855 4260 interpretando
876 4188 907 4239 et
920 4182 1099 4240 emendando
1119 4181 1189 4258 quid
1209 4180 1337 4255 potuerit
1357 4187 1506 4256 praestare
