3262 4974
294 384 355 432 xlv
829 373 964 441 praelatio.

294 539 311 595 3
334 538 351 595 6
373 538 389 594 'l
411 537 429 594 8
450 537 544 615 suppl.
575 536 713 607 Foucart‚
744 538 800 596 nisi
825 540 902 615 quod
927 542 988 599 ν.6
1014 533 1113 610 ἐσθλίς
1143 534 1184 601 ἀεὶ
1211 540 1326 620 κλέομαι
1350 544 1450 604 voluit.
1472 578 1508 588 -

295 640 312 696 3
333 656 409 696 nyrn
438 639 516 715 quod
541 640 638 698 nescio
664 659 702 698 an
728 660 791 699 cum
821 642 932 701 editore
952 645 1125 703 servandum
1150 646 1195 705 sit
1217 679 1255 689 -
1276 660 1451 704 ornoonon
1472 680 1508 689 -

294 744 538 800 tnesis-nm
560 777 594 785 -
617 743 634 800 6
655 758 766 802 norror
786 745 828 802 uti
848 765 875 802 v.
897 747 913 803 7
934 760 1056 805 mneos.
1098 747 1223 806 Videtur
1243 749 1336 806 inesse
1362 767 1396 807 ea
1421 768 1508 824 quam

293 845 377 919 posui
403 845 547 903 sententia
571 845 648 903 haud
671 847 816 922 tpnobilem
841 866 883 905 me
906 851 970 905 sicit
994 866 1051 906 ease
1070 867 1166 907 cursus
1182 854 1337 924 pernicitas
1357 861 1405 908 aut
1426 851 1509 908 turba

291 946 462 1021 palaestrae,
483 951 562 1006 cuiae
583 948 738 1007 laudabam
756 969 798 1008 me
817 950 935 1024 sodales,
955 950 990 1008 ci.
1012 950 1076 1009 663.

294 1123 373 1183 492.
413 1120 578 1184 Edideront
598 1126 782 1187 Cumanudes
797 1127 934 1186 Athenaei
957 1129 1029 1185 1874
1044 1147 1072 1205 p.
1086 1127 1143 1186 478
1164 1132 1193 1186 et
1207 1127 1334 1186 Foucart
1344 1128 1411 1186 Rev.
1426 1130 1506 1187 arel.

296 1227 370 1285 1875
390 1227 405 1285 Ι
428 1230 492 1301 110,
513 1231 563 1306 qui
583 1250 610 1289 v.
634 1233 725 1307 lsqq.
746 1239 821 1289 recte
841 1230 1063 1306 suppleverunt:

424 1347 493 1418 Οὐκ
515 1349 580 1419 ἔστ’
605 1349 701 1420 οὐδὲν
722 1357 827 1440 τέρμα
848 1352 925 1436 βίου
947 1356 1094 1441 θνητ[οῦν
1117 1351 1337 1442 ἐσι]νοί[α]ις,

494 1448 580 1520 ἀλλὰ
607 1451 694 1542 Τίχη
719 1454 880 1540 κρείσσων
903 1451 1040 1532 ἐλπίδος
1064 1449 1248 1540 [efficaciam

421 1547 440 1643 ’ἦ
464 1555 520 1621 καί
547 1556 732 1641 Τιμοκλέην
750 1549 940 1636 ’Λσωπίχου
964 1549 1098 1639 ἠφάοοσ’
1122 1550 1194 1620 υἱόν
1225 1557 1304 1620 κτλ’.

295 1715 319 1754 v.
341 1695 359 1752 5
379 1694 564 1751 confirmatur
591 1692 695 1750 vitiosa
715 1692 800 1750 lectio
821 1683 866 1750 καὶ
887 1690 913 1749 ἒν
931 1689 1104 1768 Ἡρακλέους
1129 1683 1184 1769 τρὶς
1205 1692 1230 1749 ἐν
1251 1684 1355 1765 toton,
1377 1693 1424 1751 ubi
1446 1692 1507 1751 Leo

291 1796 403 1854 amicus
424 1805 500 1852 recte
521 1794 645 1852 fortasse
666 1786 748 1871 τρισὶν
768 1786 862 1862 toton
882 1794 1042 1872 proposuit.
1074 1794 1260 1854 Addiderunt
1281 1796 1390 1853 veroin
1406 1795 1505 1853 eodem

292 1897 388 1973 lapide
407 1896 445 1953 ad
466 1896 597 1953 dextram
619 1897 758 1974 scriptum
779 1896 901 1954 alterum
922 1898 1111 1974 epigramma,
1132 1898 1219 1956 nimis
1234 1897 1352 1972 quidem
1372 1898 1506 1956 mutilum

291 2017 377 2074 quam
399 1998 476 2074 quod
496 1999 607 2055 restitui
627 2001 730 2075 possit,
753 2000 943 2058 memorabile
962 2008 1060 2057 tamen
1081 2018 1138 2057 non
1161 2017 1218 2056 uno
1238 2000 1369 2056 nomine:

290 2178 392 2236 esth.
592 2169 813 2263 Ἀπόλλωνος]
840 2179 1100 2263 Ποσθοῆοςο..

761 2273 955 2340 ,floridio
979 2228 1202 2360 πογκ[οοίίοον

446 2378 574 2463 Παῖδ[α
597 2325 835 2495 Mevleupdcem
880 2423 1323 2438 .........

513 2472 735 2562 Κοροείὸοςι
725 2480 815 2561 ιεραῖ
838 2499 898 2560 vno
934 2523 1212 2538 ......
1302 2525 1307 2535 ,

442 2573 614 2663 e’yrr'xog’
593 2600 642 2641 act
664 2569 832 2662 deppdg'
817 2601 834 2637 ο

517 2677 647 2759 Φοίβου
667 2680 733 2741 τῶν
755 2674 882 2758 ἑτοίμων
926 2725 1259 2741 .......

593 2774 782 2854 Λύσιππος
804 2773 1000 2865 Σι[κυοίνιος
1021 2775 1172 2864 ἐποίησε.

367 2920 400 2980 In
420 2916 609 2998 praescriptis
637 2906 801 2992 παγκροίτιον
826 2914 1031 2991 suppleverunt
1064 2917 1195 2977 editores.
1224 2952 1258 2960 -
1289 2920 1299 2974 l
1325 2914 1417 2976 naid.
1440 2963 1446 2975 .
1469 2965 1475 2978 .
1498 2963 1504 2976 .

292 3045 411 3103 εκρατεω
432 3021 522 3092 Cum,
544 3037 612 3078 nam
624 3063 630 3077 .
644 3063 650 3077 .
663 3065 669 3078 .
683 3063 688 3074 .
701 3034 845 3077 emersa
856 3017 990 3077 Foucart.
1004 3053 1039 3062 -
1052 3017 1069 3076 2
1080 3012 1230 3097 Κορβείίας
1252 3018 1373 3079 Guman.
1387 3041 1394 3089 ;
1415 3039 1505 3095 quar-

291 3137 350 3184 tam
373 3126 499 3183 litteram
518 3142 533 3181 r
554 3123 651 3200 potius
672 3141 759 3198 quam
781 3120 868 3178 asibi
889 3120 977 3177 videri
999 3139 1064 3178 esse
1084 3122 1127 3179 ait
1140 3121 1162 3178 F
1165 3129 1277 3191 oucart3
1298 3122 1347 3196 qui
1368 3121 1505 3198 deinceps

291 3245 415 3286 rsrnnun
437 3227 581 3298 ..tradit3
603 3224 787 3285 Cumanudes
809 3220 874 3300 ἱεροῖο
894 3223 952 3295 νῆα,
979 3222 1088 3280 addens
1110 3230 1206 3281 tamen
1227 3241 1247 3280 u
1269 3224 1406 3280 incertam
1430 3242 1504 3283 esse.

291 3319 469 3409 -ntspple
490 3320 620 3407 α’[ροίοας
641 3325 824 3385 Cumanudes
844 3324 941 3381 nescio
962 3344 1019 3399 quo
1040 3343 1135 3382 sensu.
1169 3325 1321 3384 Sententia
1341 3335 1419 3382 certa
1438 3344 1504 3383 con·

297 3440 401 3511 parato
415 3453 459 3508 ep.
482 3432 539 3490 ott
559 3429 622 3490 ἀλλ’
643 3427 680 3488 ἔτι
700 3416 801 3506 θερμίν
823 3430 931 3503 nempe
951 3424 1039 3503 φέρων
1060 3427 1179 3505 σκληραῖς
1198 3425 1260 3494 παῖς
1274 3416 1325 3484 οἱοί
1342 3421 1505 3505 πυγμαχίας

292 3540 360 3603 ἔστα
381 3528 550 3613 παγκρατίου
572 3523 659 3611 {lapda
680 3531 706 3600 ἐς
727 3520 857 3588 πίνοο-
870 3527 1031 3605 Lysippum
1052 3548 1116 3587 cum
1135 3538 1211 3586 recte
1225 3529 1318 3588 editor
1331 3528 1506 3586 intellexerit

292 3639 476 3696 notissimum
497 3637 579 3693 illum
594 3633 771 3709 Sicyonium,
792 3631 973 3707 Polycletum
988 3633 1069 3690 cuius
1085 3651 1189 3689 nomen
1205 3631 1294 3706 priori
1309 3631 1505 3706 subscriptum

291 3750 335 3798 est
355 3738 477 3796 carmini
498 3757 555 3794 non
576 3737 669 3793 minus
690 3741 767 3791 recte
788 3734 864 3792 idem
886 3734 1026 3792 minorem
1052 3735 1188 3810 adgnovit
1201 3733 1325 3809 Lysippi
1341 3732 1505 3807 aequalem,
1584 3797 1590 3809 ι

292 3840 444 3916 Naucydis
465 3839 650 3915 discipulum,
671 3843 705 3894 ut
724 3836 784 3893 inm
804 3843 883 3892 certe
902 3835 1060 3893 habeamus
1082 3836 1187 3895 saeculi
1209 3835 1306 3912 quarti
1321 3835 1504 3892 documenta.

294 3943 404 4002 Notatu
430 3961 499 4000 vero
526 3941 613 4017 digna
642 3941 764 3997 duorum
792 3937 1033 4013 epigrammatum
1058 3939 1159 3998 eodem
1179 3941 1209 3996 in
1229 3937 1324 4012 lapide
1350 3937 1507 4014 eodemque

292 4045 352 4104 lere
371 4055 500 4130 tempore
520 4044 729 4120 insculptorum
749 4040 865 4097 diversa
885 4039 1033 4098 dialectus.

292 4222 368 4284 524.
408 4213 520 4315 Χρίοτῃ
541 4224 574 4312 τῇ
595 4212 709 4300 coppim
731 4219 881 4296 legendum
902 4220 975 4278 vidit
998 4218 1201 4276 Wilemowita.
