<?xml version="1.0" encoding="UTF-8"?>
<!DOCTYPE html PUBLIC "-//W3C//DTD XHTML 1.0 Transitional//EN"
    "http://www.w3.org/TR/xhtml1/DTD/xhtml1-transitional.dtd">
<html xmlns="http://www.w3.org/1999/xhtml" xml:lang="en" lang="en">
 <head>
  <title>
</title>
<meta http-equiv="Content-Type" content="text/html;charset=utf-8" />
  <meta name='ocr-system' content='tesseract 3.04.00' />
  <meta name='ocr-capabilities' content='ocr_page ocr_carea ocr_par ocr_line ocrx_word'/>
</head>
<body>
  <div class='ocr_page' id='page_1' title='image "./epigrammatagrca00kaibgoog_0031.png"; bbox 0 0 3262 4974; ppageno 0'>
   <div class='ocr_carea' id='block_1_1' title="bbox 261 340 936 408">
    <p class='ocr_par' dir='ltr' id='par_1_1' title="bbox 261 340 936 408">
     <span class='ocr_line' id='line_1_1' title="bbox 261 340 936 408; baseline -0.012 -4"><span class='ocrx_word' id='word_1_1' title='bbox 261 359 309 404; x_wconf 80' lang='lat' dir='ltr'>xx</span> <span class='ocrx_word' id='word_1_2' title='bbox 733 346 736 352; x_wconf 84' lang='lat'>&#39;</span> <span class='ocrx_word' id='word_1_3' title='bbox 801 340 936 408; x_wconf 70' lang='lat' dir='ltr'>praetutia.</span> 
     </span>
    </p>
   </div>
   <div class='ocr_carea' id='block_1_2' title="bbox 306 497 1340 895">
    <p class='ocr_par' dir='ltr' id='par_1_2' title="bbox 306 497 1340 895">
     <span class='ocr_line' id='line_1_2' title="bbox 373 497 1340 590; baseline -0.003 -21"><span class='ocrx_word' id='word_1_4' title='bbox 373 508 429 570; x_wconf 82' lang='grc' dir='ltr'>καί</span> <span class='ocrx_word' id='word_1_5' title='bbox 453 503 519 587; x_wconf 84' lang='grc' dir='ltr'>μὰν</span> <span class='ocrx_word' id='word_1_6' title='bbox 538 505 599 569; x_wconf 88' lang='grc' dir='ltr'>καί</span> <span class='ocrx_word' id='word_1_7' title='bbox 622 506 759 570; x_wconf 83' lang='grc' dir='ltr'><em>Λουσοί</em></span> <span class='ocrx_word' id='word_1_8' title='bbox 779 529 821 586; x_wconf 85' lang='grc' dir='ltr'>με</span> <span class='ocrx_word' id='word_1_9' title='bbox 845 506 1050 588; x_wconf 72' lang='grc' dir='ltr'><strong><em>κατέστεφον</em></strong></span> <span class='ocrx_word' id='word_1_10' title='bbox 1072 497 1122 590; x_wconf 75' lang='grc' dir='ltr'>ἠδ’</span> <span class='ocrx_word' id='word_1_11' title='bbox 1141 498 1340 587; x_wconf 76' lang='grc' dir='ltr'><em>Ἐπίδαυρος</em></span> 
     </span>
     <span class='ocr_line' id='line_1_3' title="bbox 455 599 1196 691; baseline -0.003 -23"><span class='ocrx_word' id='word_1_12' title='bbox 455 606 511 669; x_wconf 84' lang='grc' dir='ltr'>καί</span> <span class='ocrx_word' id='word_1_13' title='bbox 539 605 662 683; x_wconf 59' lang='lat' dir='ltr'>nereos</span> <span class='ocrx_word' id='word_1_14' title='bbox 684 605 799 686; x_wconf 82' lang='grc' dir='ltr'><em>Νεμέα</em></span> <span class='ocrx_word' id='word_1_15' title='bbox 821 610 848 670; x_wconf 85' lang='grc' dir='ltr'>τ’</span> <span class='ocrx_word' id='word_1_16' title='bbox 872 601 963 687; x_wconf 82' lang='grc' dir='ltr'><em>ίάχεν</em></span> <span class='ocrx_word' id='word_1_17' title='bbox 986 599 1196 691; x_wconf 78' lang='grc' dir='ltr'><em>ἆθλοφόρον.</em></span> 
     </span>
     <span class='ocr_line' id='line_1_4' title="bbox 306 699 1289 793; baseline -0.007 -18"><span class='ocrx_word' id='word_1_18' title='bbox 306 716 324 775; x_wconf 86' lang='grc'>5</span> <span class='ocrx_word' id='word_1_19' title='bbox 371 699 389 793; x_wconf 74' lang='grc' dir='ltr'><em>ἢ</em></span> <span class='ocrx_word' id='word_1_20' title='bbox 413 706 455 792; x_wconf 76' lang='grc' dir='ltr'>ῥα</span> <span class='ocrx_word' id='word_1_21' title='bbox 477 702 554 770; x_wconf 80' lang='grc' dir='ltr'><em>τόθ’</em></span> <span class='ocrx_word' id='word_1_22' title='bbox 574 701 832 792; x_wconf 83' lang='grc' dir='ltr'><em>Ἑρμοκρὲοντος</em></span> <span class='ocrx_word' id='word_1_23' title='bbox 854 706 888 781; x_wconf 83' lang='grc' dir='ltr'>ἐς</span> <span class='ocrx_word' id='word_1_24' title='bbox 910 703 984 772; x_wconf 71' lang='grc' dir='ltr'><em>υἱέα</em></span> <span class='ocrx_word' id='word_1_25' title='bbox 1009 704 1143 770; x_wconf 78' lang='grc' dir='ltr'><em>λείπετο</em></span> <span class='ocrx_word' id='word_1_26' title='bbox 1169 701 1289 768; x_wconf 79' lang='grc' dir='ltr'><em>πώλων</em></span> 
     </span>
     <span class='ocr_line' id='line_1_5' title="bbox 460 796 1222 895; baseline -0.004 -24"><span class='ocrx_word' id='word_1_27' title='bbox 460 796 543 888; x_wconf 85' lang='grc' dir='ltr'><em>αἷμα</em></span> <span class='ocrx_word' id='word_1_28' title='bbox 568 808 795 892; x_wconf 76' lang='grc' dir='ltr'><em>παλαιγενέων</em></span> <span class='ocrx_word' id='word_1_29' title='bbox 818 810 983 895; x_wconf 75' lang='grc' dir='ltr'><em>κραιπναί)</em></span> <span class='ocrx_word' id='word_1_30' title='bbox 1001 802 1222 893; x_wconf 81' lang='grc' dir='ltr'><em>Ἐριχθονίου.</em></span> 
     </span>
    </p>
   </div>
   <div class='ocr_carea' id='block_1_3' title="bbox 261 958 1479 1348">
    <p class='ocr_par' dir='ltr' id='par_1_3' title="bbox 261 958 1479 1348">
     <span class='ocr_line' id='line_1_6' title="bbox 339 958 1479 1034; baseline -0.002 -13"><span class='ocrx_word' id='word_1_31' title='bbox 339 982 350 1021; x_wconf 90' lang='lat'>1</span> <span class='ocrx_word' id='word_1_32' title='bbox 365 965 423 1021; x_wconf 84' lang='lat' dir='ltr'>iere</span> <span class='ocrx_word' id='word_1_33' title='bbox 436 982 460 1020; x_wconf 82' lang='lat' dir='ltr'>a.</span> <span class='ocrx_word' id='word_1_34' title='bbox 474 958 540 1019; x_wconf 85' lang='lat' dir='ltr'><strong>Chr.</strong></span> <span class='ocrx_word' id='word_1_35' title='bbox 553 981 580 1020; x_wconf 88' lang='lat' dir='ltr'>n.</span> <span class='ocrx_word' id='word_1_36' title='bbox 594 961 708 1020; x_wconf 84' lang='lat' dir='ltr'>saeculi.</span> <span class='ocrx_word' id='word_1_37' title='bbox 722 996 758 1006; x_wconf 95' lang='lat'>-</span> <span class='ocrx_word' id='word_1_38' title='bbox 770 964 787 1020; x_wconf 81' lang='lat'>5</span> <span class='ocrx_word' id='word_1_39' title='bbox 799 963 941 1021; x_wconf 83' lang='lat' dir='ltr'>sententie</span> <span class='ocrx_word' id='word_1_40' title='bbox 952 980 1008 1020; x_wconf 90' lang='lat' dir='ltr'>non</span> <span class='ocrx_word' id='word_1_41' title='bbox 1021 962 1093 1018; x_wconf 88' lang='lat' dir='ltr'>bene</span> <span class='ocrx_word' id='word_1_42' title='bbox 1105 977 1244 1034; x_wconf 79' lang='lat' dir='ltr'>expresse</span> <span class='ocrx_word' id='word_1_43' title='bbox 1254 961 1323 1018; x_wconf 79' lang='lat' dir='ltr'>haec</span> <span class='ocrx_word' id='word_1_44' title='bbox 1333 970 1391 1019; x_wconf 84' lang='lat' dir='ltr'><strong><em>est:</em></strong></span> <span class='ocrx_word' id='word_1_45' title='bbox 1414 971 1479 1019; x_wconf 84' lang='lat' dir='ltr'>tane</span> 
     </span>
     <span class='ocr_line' id='line_1_7' title="bbox 261 1060 1477 1143; baseline -0.007 -18"><span class='ocrx_word' id='word_1_46' title='bbox 261 1070 396 1143; x_wconf 77' lang='lat' dir='ltr'><strong><em>adparuit</em></strong></span> <span class='ocrx_word' id='word_1_47' title='bbox 427 1064 604 1122; x_wconf 69' lang='lat' dir='ltr'>Erichthonii</span> <span class='ocrx_word' id='word_1_48' title='bbox 630 1082 761 1137; x_wconf 81' lang='lat' dir='ltr'>equorum</span> <span class='ocrx_word' id='word_1_49' title='bbox 782 1066 889 1140; x_wconf 83' lang='lat' dir='ltr'>prolem</span> <span class='ocrx_word' id='word_1_50' title='bbox 914 1083 999 1139; x_wconf 79' lang='lat' dir='ltr'>neque</span> <span class='ocrx_word' id='word_1_51' title='bbox 1025 1064 1064 1119; x_wconf 85' lang='lat' dir='ltr'>ad</span> <span class='ocrx_word' id='word_1_52' title='bbox 1087 1080 1130 1119; x_wconf 83' lang='lat' dir='ltr'>me</span> <span class='ocrx_word' id='word_1_53' title='bbox 1155 1060 1338 1118; x_wconf 79' lang='lat' dir='ltr'>Acettoriden</span> <span class='ocrx_word' id='word_1_54' title='bbox 1357 1063 1477 1118; x_wconf 87' lang='lat' dir='ltr'>Hermo·</span> 
     </span>
     <span class='ocr_line' id='line_1_8' title="bbox 262 1154 1479 1243; baseline -0.004 -15"><span class='ocrx_word' id='word_1_55' title='bbox 262 1174 381 1228; x_wconf 73' lang='lat' dir='ltr'>creontis</span> <span class='ocrx_word' id='word_1_56' title='bbox 395 1171 487 1243; x_wconf 73' lang='lat' dir='ltr'>sitiam</span> <span class='ocrx_word' id='word_1_57' title='bbox 500 1168 682 1242; x_wconf 74' lang='lat' dir='ltr'><strong><em>perdurasse.</em></strong></span> <span class='ocrx_word' id='word_1_58' title='bbox 714 1167 864 1243; x_wconf 83' lang='lat' dir='ltr'>Equorum</span> <span class='ocrx_word' id='word_1_59' title='bbox 877 1172 974 1225; x_wconf 80' lang='lat' dir='ltr'>autem</span> <span class='ocrx_word' id='word_1_60' title='bbox 987 1165 1081 1222; x_wconf 81' lang='lat' dir='ltr'>virtue</span> <span class='ocrx_word' id='word_1_61' title='bbox 1100 1154 1282 1242; x_wconf 76' lang='grc' dir='ltr'>(κραιπνίτης)</span> <span class='ocrx_word' id='word_1_62' title='bbox 1297 1165 1372 1221; x_wconf 82' lang='lat' dir='ltr'>haud</span> <span class='ocrx_word' id='word_1_63' title='bbox 1386 1166 1479 1240; x_wconf 79' lang='lat' dir='ltr'>megin</span> 
     </span>
     <span class='ocr_line' id='line_1_9' title="bbox 263 1268 1018 1348; baseline -0.005 -19"><span class='ocrx_word' id='word_1_64' title='bbox 263 1273 409 1348; x_wconf 80' lang='lat' dir='ltr'>eleganter</span> <span class='ocrx_word' id='word_1_65' title='bbox 429 1272 457 1328; x_wconf 89' lang='lat' dir='ltr'>in</span> <span class='ocrx_word' id='word_1_66' title='bbox 480 1272 575 1348; x_wconf 84' lang='lat' dir='ltr'>ipsum</span> <span class='ocrx_word' id='word_1_67' title='bbox 597 1268 816 1326; x_wconf 81' lang='lat' dir='ltr'>Erichthonium</span> <span class='ocrx_word' id='word_1_68' title='bbox 838 1269 1018 1327; x_wconf 80' lang='lat' dir='ltr'>transfertur.</span> 
     </span>
    </p>
   </div>
   <div class='ocr_carea' id='block_1_4' title="bbox 262 1495 1478 1679">
    <p class='ocr_par' dir='ltr' id='par_1_4' title="bbox 262 1495 1478 1679">
     <span class='ocr_line' id='line_1_10' title="bbox 268 1495 1478 1574; baseline -0.004 -16"><span class='ocrx_word' id='word_1_69' title='bbox 268 1501 346 1559; x_wconf 82' lang='grc'><strong>938.</strong></span> <span class='ocrx_word' id='word_1_70' title='bbox 388 1501 490 1559; x_wconf 86' lang='lat' dir='ltr'><strong>Edidit</strong></span> <span class='ocrx_word' id='word_1_71' title='bbox 510 1499 695 1559; x_wconf 81' lang='lat' dir='ltr'>Cumenudee</span> <span class='ocrx_word' id='word_1_72' title='bbox 709 1501 843 1558; x_wconf 76' lang='lat' dir='ltr'><strong><em>Athenaei</em></strong></span> <span class='ocrx_word' id='word_1_73' title='bbox 859 1499 931 1557; x_wconf 82' lang='grc'><strong>1874</strong></span> <span class='ocrx_word' id='word_1_74' title='bbox 951 1517 979 1574; x_wconf 91' lang='lat' dir='ltr'>p.</span> <span class='ocrx_word' id='word_1_75' title='bbox 995 1499 1060 1568; x_wconf 90' lang='grc'><strong>477,</strong></span> <span class='ocrx_word' id='word_1_76' title='bbox 1079 1499 1129 1574; x_wconf 92' lang='lat' dir='ltr'>qui</span> <span class='ocrx_word' id='word_1_77' title='bbox 1149 1507 1224 1556; x_wconf 84' lang='lat' dir='ltr'>recte</span> <span class='ocrx_word' id='word_1_78' title='bbox 1245 1517 1271 1554; x_wconf 84' lang='lat' dir='ltr'>v.</span> <span class='ocrx_word' id='word_1_79' title='bbox 1286 1500 1304 1554; x_wconf 79' lang='lat' dir='ltr'><strong><em>t</em></strong></span> <span class='ocrx_word' id='word_1_80' title='bbox 1319 1495 1478 1572; x_wconf 59' lang='grc' dir='ltr'><em>στεφανοῦ]</em></span> 
     </span>
     <span class='ocr_line' id='line_1_11' title="bbox 262 1603 419 1679; baseline 0.019 -19"><span class='ocrx_word' id='word_1_81' title='bbox 262 1603 419 1679; x_wconf 74' lang='lat' dir='ltr'>supplevit.</span> 
     </span>
    </p>
   </div>
   <div class='ocr_carea' id='block_1_5' title="bbox 262 1814 1135 1896">
    <p class='ocr_par' dir='ltr' id='par_1_5' title="bbox 262 1814 1135 1896">
     <span class='ocr_line' id='line_1_12' title="bbox 262 1814 1135 1896; baseline 0.002 -24"><span class='ocrx_word' id='word_1_82' title='bbox 262 1814 365 1896; x_wconf 71' lang='lat' dir='ltr'>nasa.</span> <span class='ocrx_word' id='word_1_83' title='bbox 405 1814 525 1875; x_wconf 84' lang='lat' dir='ltr'>Thebis.</span> <span class='ocrx_word' id='word_1_84' title='bbox 567 1814 752 1875; x_wconf 83' lang='lat' dir='ltr'>Cumanudes</span> <span class='ocrx_word' id='word_1_85' title='bbox 774 1816 909 1873; x_wconf 75' lang='lat' dir='ltr'><strong><em>Athenaei</em></strong></span> <span class='ocrx_word' id='word_1_86' title='bbox 931 1814 1004 1873; x_wconf 86' lang='grc'><strong>1874</strong></span> <span class='ocrx_word' id='word_1_87' title='bbox 1027 1835 1054 1891; x_wconf 89' lang='lat' dir='ltr'>p.</span> <span class='ocrx_word' id='word_1_88' title='bbox 1070 1815 1135 1874; x_wconf 88' lang='grc'><strong>477.</strong></span> 
     </span>
    </p>
   </div>
   <div class='ocr_carea' id='block_1_6' title="bbox 328 1932 1425 2630">
    <p class='ocr_par' dir='ltr' id='par_1_6' title="bbox 328 1932 1425 2630">
     <span class='ocr_line' id='line_1_13' title="bbox 393 1932 1354 2028; baseline -0.003 -26"><span class='ocrx_word' id='word_1_89' title='bbox 393 1940 607 2028; x_wconf 81' lang='grc' dir='ltr'><em>Η]ιίμμαχον,</em></span> <span class='ocrx_word' id='word_1_90' title='bbox 632 1932 657 2004; x_wconf 79' lang='grc' dir='ltr'>ιίι</span> <span class='ocrx_word' id='word_1_91' title='bbox 685 1936 794 2027; x_wconf 72' lang='grc' dir='ltr'><em>Θήβα,</em></span> <span class='ocrx_word' id='word_1_92' title='bbox 820 1936 1001 2026; x_wconf 77' lang='grc' dir='ltr'><em>κρατέοντα</em></span> <span class='ocrx_word' id='word_1_93' title='bbox 1022 1965 1063 2021; x_wconf 83' lang='grc' dir='ltr'>με</span> <span class='ocrx_word' id='word_1_94' title='bbox 1087 1941 1228 2026; x_wconf 82' lang='grc' dir='ltr'><em>ττοῖδα[ς</em></span> <span class='ocrx_word' id='word_1_95' title='bbox 1251 1932 1354 2022; x_wconf 78' lang='grc' dir='ltr'><em>ἀγῶνι</em></span> 
     </span>
     <span class='ocr_line' id='line_1_14' title="bbox 482 2034 1214 2125; baseline -0.001 -21"><span class='ocrx_word' id='word_1_96' title='bbox 482 2040 598 2104; x_wconf 81' lang='grc' dir='ltr'><em>καὶτὸ</em></span> <span class='ocrx_word' id='word_1_97' title='bbox 623 2040 725 2105; x_wconf 82' lang='grc' dir='ltr'><em>πάλιν</em></span> <span class='ocrx_word' id='word_1_98' title='bbox 746 2036 894 2121; x_wconf 70' lang='lat' dir='ltr'>aenaeae</span> <span class='ocrx_word' id='word_1_99' title='bbox 917 2035 1050 2106; x_wconf 82' lang='grc' dir='ltr'><em>ἁλικίαν</em></span> <span class='ocrx_word' id='word_1_100' title='bbox 1071 2038 1122 2116; x_wconf 85' lang='grc' dir='ltr'>τίς</span> <span class='ocrx_word' id='word_1_101' title='bbox 1145 2034 1214 2125; x_wconf 76' lang='grc' dir='ltr'><em>ἐρεῖ</em></span> 
     </span>
     <span class='ocr_line' id='line_1_15' title="bbox 390 2134 1248 2228; baseline 0.001 -26"><span class='ocrx_word' id='word_1_102' title='bbox 390 2141 485 2218; x_wconf 88' lang='grc' dir='ltr'><em>τοίας</em></span> <span class='ocrx_word' id='word_1_103' title='bbox 507 2140 543 2204; x_wconf 80' lang='grc' dir='ltr'>ἐκ</span> <span class='ocrx_word' id='word_1_104' title='bbox 569 2140 741 2226; x_wconf 77' lang='grc' dir='ltr'><em>ντροβολᾶς</em></span> <span class='ocrx_word' id='word_1_105' title='bbox 763 2135 974 2228; x_wconf 74' lang='grc' dir='ltr'><em>εὖοίρκριτον;</em></span> <span class='ocrx_word' id='word_1_106' title='bbox 998 2134 1019 2205; x_wconf 79' lang='grc' dir='ltr'>ολ</span> <span class='ocrx_word' id='word_1_107' title='bbox 1042 2139 1079 2206; x_wconf 80' lang='grc' dir='ltr'>δὲ</span> <span class='ocrx_word' id='word_1_108' title='bbox 1103 2140 1248 2222; x_wconf 81' lang='grc' dir='ltr'><em>Νέμειος</em></span> 
     </span>
     <span class='ocr_line' id='line_1_16' title="bbox 480 2232 1141 2330; baseline -0.002 -25"><span class='ocrx_word' id='word_1_109' title='bbox 480 2243 554 2307; x_wconf 90' lang='grc' dir='ltr'><em>νίκα</em></span> <span class='ocrx_word' id='word_1_110' title='bbox 576 2265 637 2322; x_wconf 84' lang='grc' dir='ltr'>μοι</span> <span class='ocrx_word' id='word_1_111' title='bbox 658 2243 781 2307; x_wconf 82' lang='grc' dir='ltr'><em>λεκτῶν</em></span> <span class='ocrx_word' id='word_1_112' title='bbox 803 2232 909 2328; x_wconf 76' lang='grc' dir='ltr'><em>ἦλθεν</em></span> <span class='ocrx_word' id='word_1_113' title='bbox 931 2236 989 2306; x_wconf 77' lang='grc' dir='ltr'><em>ἃττ’</em></span> <span class='ocrx_word' id='word_1_114' title='bbox 1012 2234 1141 2330; x_wconf 76' lang='grc' dir='ltr'><em>ἠιθέων</em></span> 
     </span>
     <span class='ocr_line' id='line_1_17' title="bbox 328 2333 1425 2428; baseline -0.003 -20"><span class='ocrx_word' id='word_1_115' title='bbox 328 2349 347 2408; x_wconf 82' lang='grc'><em>5</em></span> <span class='ocrx_word' id='word_1_116' title='bbox 393 2341 521 2428; x_wconf 75' lang='grc' dir='ltr'><em>πατρὸς</em></span> <span class='ocrx_word' id='word_1_117' title='bbox 544 2345 639 2423; x_wconf 76' lang='grc' dir='ltr'><em>θῶμα</em></span> <span class='ocrx_word' id='word_1_118' title='bbox 667 2346 822 2425; x_wconf 85' lang='grc' dir='ltr'><em>Τρίακος·</em></span> <span class='ocrx_word' id='word_1_119' title='bbox 848 2333 958 2407; x_wconf 68' lang='lat' dir='ltr'><strong><em>tenta</em></strong></span> <span class='ocrx_word' id='word_1_120' title='bbox 981 2341 1044 2427; x_wconf 72' lang='grc' dir='ltr'>γὰρ</span> <span class='ocrx_word' id='word_1_121' title='bbox 1067 2338 1099 2406; x_wconf 75' lang='lat' dir='ltr'>ni</span> <span class='ocrx_word' id='word_1_122' title='bbox 1124 2341 1215 2426; x_wconf 84' lang='grc' dir='ltr'><em>παρὰ</em></span> <span class='ocrx_word' id='word_1_123' title='bbox 1240 2340 1365 2427; x_wconf 86' lang='grc' dir='ltr'><em>Δίρκαι</em></span> <span class='ocrx_word' id='word_1_124' title='bbox 1421 2396 1425 2405; x_wconf 95' lang='grc'>.</span> 
     </span>
     <span class='ocr_line' id='line_1_18' title="bbox 484 2436 1252 2528; baseline -0.001 -22"><span class='ocrx_word' id='word_1_125' title='bbox 484 2436 642 2527; x_wconf 77' lang='grc' dir='ltr'><em>ἀμφαδὸν</em></span> <span class='ocrx_word' id='word_1_126' title='bbox 661 2438 823 2507; x_wconf 84' lang='grc' dir='ltr'><em>Ἑλλάνων</em></span> <span class='ocrx_word' id='word_1_127' title='bbox 846 2443 989 2508; x_wconf 84' lang='grc' dir='ltr'><em>πλεῖστα</em></span> <span class='ocrx_word' id='word_1_128' title='bbox 1013 2443 1150 2528; x_wconf 77' lang='grc' dir='ltr'><em>φέροντι</em></span> <span class='ocrx_word' id='word_1_129' title='bbox 1173 2441 1252 2508; x_wconf 83' lang='grc' dir='ltr'><em>νέοι.</em></span> 
     </span>
     <span class='ocr_line' id='line_1_19' title="bbox 626 2537 1035 2630; baseline 0.015 -27"><span class='ocrx_word' id='word_1_130' title='bbox 626 2537 845 2630; x_wconf 74' lang='grc' dir='ltr'><em>Τειοικράτρς</em></span> <span class='ocrx_word' id='word_1_131' title='bbox 871 2542 1035 2630; x_wconf 78' lang='grc' dir='ltr'><em>ἐποίησ[ε.</em></span> 
     </span>
    </p>
   </div>
   <div class='ocr_carea' id='block_1_7' title="bbox 267 2679 1484 3267">
    <p class='ocr_par' dir='ltr' id='par_1_7' title="bbox 267 2679 1484 3267">
     <span class='ocr_line' id='line_1_20' title="bbox 342 2679 1481 2758; baseline 0.002 -22"><span class='ocrx_word' id='word_1_132' title='bbox 342 2680 502 2739; x_wconf 74' lang='lat' dir='ltr'>&#39;l&#39;ieicraten</span> <span class='ocrx_word' id='word_1_133' title='bbox 524 2680 679 2757; x_wconf 80' lang='lat' dir='ltr'>Sicyonius</span> <span class='ocrx_word' id='word_1_134' title='bbox 699 2697 731 2738; x_wconf 88' lang='lat' dir='ltr'>1v</span> <span class='ocrx_word' id='word_1_135' title='bbox 751 2680 860 2739; x_wconf 79' lang='lat' dir='ltr'>saeculi</span> <span class='ocrx_word' id='word_1_136' title='bbox 880 2680 993 2740; x_wconf 78' lang='lat' dir='ltr'>artifex.</span> <span class='ocrx_word' id='word_1_137' title='bbox 1025 2679 1160 2739; x_wconf 78' lang='lat' dir='ltr'>Eiusdem</span> <span class='ocrx_word' id='word_1_138' title='bbox 1180 2681 1267 2758; x_wconf 86' lang='lat' dir='ltr'>igitur</span> <span class='ocrx_word' id='word_1_139' title='bbox 1287 2680 1390 2739; x_wconf 80' lang='lat' dir='ltr'>aetatis</span> <span class='ocrx_word' id='word_1_140' title='bbox 1404 2680 1481 2738; x_wconf 88' lang='lat' dir='ltr'>Pho·</span> 
     </span>
     <span class='ocr_line' id='line_1_21' title="bbox 272 2781 1482 2860; baseline 0.002 -23"><span class='ocrx_word' id='word_1_141' title='bbox 272 2788 369 2858; x_wconf 78' lang='lat' dir='ltr'>nystae</span> <span class='ocrx_word' id='word_1_142' title='bbox 387 2781 508 2841; x_wconf 83' lang='lat' dir='ltr'>alterius</span> <span class='ocrx_word' id='word_1_143' title='bbox 530 2782 645 2841; x_wconf 78' lang='lat' dir='ltr'>TriacIe</span> <span class='ocrx_word' id='word_1_144' title='bbox 665 2783 718 2840; x_wconf 88' lang='lat' dir='ltr'>filii</span> <span class='ocrx_word' id='word_1_145' title='bbox 739 2783 918 2860; x_wconf 82' lang='lat' dir='ltr'>epigramma</span> <span class='ocrx_word' id='word_1_146' title='bbox 939 2783 980 2858; x_wconf 87' lang='lat' dir='ltr'>(n.</span> <span class='ocrx_word' id='word_1_147' title='bbox 995 2783 1065 2859; x_wconf 84' lang='lat'>938)</span> <span class='ocrx_word' id='word_1_148' title='bbox 1086 2789 1141 2857; x_wconf 83' lang='lat' dir='ltr'>est,</span> <span class='ocrx_word' id='word_1_149' title='bbox 1168 2785 1246 2842; x_wconf 88' lang='lat' dir='ltr'>unde</span> <span class='ocrx_word' id='word_1_150' title='bbox 1272 2782 1383 2857; x_wconf 83' lang='lat' dir='ltr'>corrige</span> <span class='ocrx_word' id='word_1_151' title='bbox 1403 2799 1482 2839; x_wconf 87' lang='lat' dir='ltr'>erro·</span> 
     </span>
     <span class='ocr_line' id='line_1_22' title="bbox 267 2874 1481 2962; baseline 0.001 -22"><span class='ocrx_word' id='word_1_152' title='bbox 267 2904 335 2941; x_wconf 85' lang='lat' dir='ltr'>rem.</span> <span class='ocrx_word' id='word_1_153' title='bbox 357 2917 393 2926; x_wconf 92' lang='lat'>—-</span> <span class='ocrx_word' id='word_1_154' title='bbox 417 2886 429 2940; x_wconf 88' lang='lat'>1</span> <span class='ocrx_word' id='word_1_155' title='bbox 456 2874 611 2962; x_wconf 78' lang='grc' dir='ltr'><em>οιίμμιιχιν</em></span> <span class='ocrx_word' id='word_1_156' title='bbox 632 2918 667 2927; x_wconf 95' lang='grc'>-</span> <span class='ocrx_word' id='word_1_157' title='bbox 695 2884 789 2958; x_wconf 69' lang='grc' dir='ltr'><em>ἀγῶνα</em></span> <span class='ocrx_word' id='word_1_158' title='bbox 816 2884 1014 2957; x_wconf 78' lang='lat' dir='ltr'>Cumanudes,</span> <span class='ocrx_word' id='word_1_159' title='bbox 1039 2885 1175 2961; x_wconf 84' lang='lat' dir='ltr'>idemque</span> <span class='ocrx_word' id='word_1_160' title='bbox 1199 2887 1259 2945; x_wconf 85' lang='lat' dir='ltr'>v.3</span> <span class='ocrx_word' id='word_1_161' title='bbox 1280 2876 1329 2944; x_wconf 75' lang='grc' dir='ltr'>ι’ίὸε</span> <span class='ocrx_word' id='word_1_162' title='bbox 1356 2885 1481 2959; x_wconf 76' lang='lat' dir='ltr'>scripsit·</span> 
     </span>
     <span class='ocr_line' id='line_1_23' title="bbox 269 2985 1483 3063; baseline 0.002 -20"><span class='ocrx_word' id='word_1_163' title='bbox 269 2988 312 3044; x_wconf 76' lang='lat' dir='ltr'>At</span> <span class='ocrx_word' id='word_1_164' title='bbox 333 2986 374 3043; x_wconf 91' lang='lat' dir='ltr'>sic</span> <span class='ocrx_word' id='word_1_165' title='bbox 394 2985 524 3062; x_wconf 87' lang='lat' dir='ltr'>procedit</span> <span class='ocrx_word' id='word_1_166' title='bbox 544 2987 651 3046; x_wconf 83' lang='lat' dir='ltr'>oratio:</span> <span class='ocrx_word' id='word_1_167' title='bbox 676 2990 730 3044; x_wconf 82' lang='lat' dir='ltr'>vict</span> <span class='ocrx_word' id='word_1_168' title='bbox 745 2991 870 3062; x_wconf 78' lang='lat' dir='ltr'>primane</span> <span class='ocrx_word' id='word_1_169' title='bbox 886 3006 999 3063; x_wconf 74' lang='lat' dir='ltr'>pueros,</span> <span class='ocrx_word' id='word_1_170' title='bbox 1019 2998 1076 3045; x_wconf 86' lang='lat' dir='ltr'>tam</span> <span class='ocrx_word' id='word_1_171' title='bbox 1096 2992 1145 3062; x_wconf 82' lang='lat' dir='ltr'>qai</span> <span class='ocrx_word' id='word_1_172' title='bbox 1160 3007 1263 3062; x_wconf 72' lang='lat' dir='ltr'>paenae</span> <span class='ocrx_word' id='word_1_173' title='bbox 1278 2994 1347 3045; x_wconf 81' lang='lat' dir='ltr'>inter</span> <span class='ocrx_word' id='word_1_174' title='bbox 1360 2990 1483 3045; x_wconf 79' lang='lat' dir='ltr'>iuvenes·</span> 
     </span>
     <span class='ocr_line' id='line_1_24' title="bbox 267 3089 1484 3166; baseline 0.002 -21"><span class='ocrx_word' id='word_1_175' title='bbox 267 3108 321 3163; x_wconf 80' lang='lat' dir='ltr'>que</span> <span class='ocrx_word' id='word_1_176' title='bbox 341 3099 430 3146; x_wconf 85' lang='lat' dir='ltr'><strong><em>aetate</em></strong></span> <span class='ocrx_word' id='word_1_177' title='bbox 449 3099 513 3147; x_wconf 76' lang='lat' dir='ltr'>erent</span> <span class='ocrx_word' id='word_1_178' title='bbox 532 3091 627 3162; x_wconf 82' lang='lat' dir='ltr'>medii,</span> <span class='ocrx_word' id='word_1_179' title='bbox 653 3092 768 3164; x_wconf 81' lang='lat' dir='ltr'>denique</span> <span class='ocrx_word' id='word_1_180' title='bbox 787 3108 850 3147; x_wconf 85' lang='lat' dir='ltr'>vero</span> <span class='ocrx_word' id='word_1_181' title='bbox 870 3090 975 3148; x_wconf 87' lang='lat' dir='ltr'><strong><em>Nemea</em></strong></span> <span class='ocrx_word' id='word_1_182' title='bbox 999 3093 1117 3148; x_wconf 84' lang='lat' dir='ltr'>viatoria</span> <span class='ocrx_word' id='word_1_183' title='bbox 1143 3090 1232 3166; x_wconf 82' lang='lat' dir='ltr'>(quae</span> <span class='ocrx_word' id='word_1_184' title='bbox 1259 3090 1288 3146; x_wconf 89' lang='lat' dir='ltr'>in</span> <span class='ocrx_word' id='word_1_185' title='bbox 1314 3108 1402 3148; x_wconf 80' lang='lat' dir='ltr'>cauea</span> <span class='ocrx_word' id='word_1_186' title='bbox 1428 3089 1484 3147; x_wconf 81' lang='lat' dir='ltr'>fuit</span> 
     </span>
     <span class='ocr_line' id='line_1_25' title="bbox 267 3190 1066 3267; baseline 0.006 -21"><span class='ocrx_word' id='word_1_187' title='bbox 267 3208 317 3248; x_wconf 88' lang='lat' dir='ltr'>cur</span> <span class='ocrx_word' id='word_1_188' title='bbox 338 3190 434 3266; x_wconf 80' lang='lat' dir='ltr'>imago</span> <span class='ocrx_word' id='word_1_189' title='bbox 453 3193 622 3267; x_wconf 88' lang='lat' dir='ltr'>poneretur)</span> <span class='ocrx_word' id='word_1_190' title='bbox 642 3211 675 3250; x_wconf 80' lang='lat' dir='ltr'>er</span> <span class='ocrx_word' id='word_1_191' title='bbox 694 3192 835 3250; x_wconf 64' lang='lat' dir='ltr'>invenitus</span> <span class='ocrx_word' id='word_1_192' title='bbox 856 3202 998 3267; x_wconf 82' lang='lat' dir='ltr'>reportata</span> <span class='ocrx_word' id='word_1_193' title='bbox 1018 3204 1066 3252; x_wconf 85' lang='lat' dir='ltr'>eet.</span> 
     </span>
    </p>
   </div>
   <div class='ocr_carea' id='block_1_8' title="bbox 267 3384 1483 3551">
    <p class='ocr_par' dir='ltr' id='par_1_8' title="bbox 267 3384 1483 3551">
     <span class='ocr_line' id='line_1_26' title="bbox 267 3384 1483 3466; baseline 0.003 -25"><span class='ocrx_word' id='word_1_194' title='bbox 267 3384 367 3446; x_wconf 69' lang='lat'><strong>942⁹.</strong></span> <span class='ocrx_word' id='word_1_195' title='bbox 410 3385 444 3443; x_wconf 89' lang='lat' dir='ltr'>In</span> <span class='ocrx_word' id='word_1_196' title='bbox 465 3389 616 3464; x_wconf 83' lang='lat' dir='ltr'>provincia</span> <span class='ocrx_word' id='word_1_197' title='bbox 636 3387 799 3447; x_wconf 82' lang='lat' dir='ltr'>Treviecnn</span> <span class='ocrx_word' id='word_1_198' title='bbox 818 3397 962 3466; x_wconf 87' lang='lat' dir='ltr'>repertum</span> <span class='ocrx_word' id='word_1_199' title='bbox 984 3388 1189 3466; x_wconf 79' lang='lat' dir='ltr'>anaglyphum.</span> <span class='ocrx_word' id='word_1_200' title='bbox 1219 3386 1335 3446; x_wconf 87' lang='lat' dir='ltr'>Veludo</span> <span class='ocrx_word' id='word_1_201' title='bbox 1349 3389 1408 3446; x_wconf 76' lang='lat' dir='ltr'>Aci</span> <span class='ocrx_word' id='word_1_202' title='bbox 1421 3389 1483 3445; x_wconf 80' lang='lat' dir='ltr'><strong><em>dett</em></strong></span> 
     </span>
     <span class='ocr_line' id='line_1_27' title="bbox 268 3488 1246 3551; baseline 0.003 -8"><span class='ocrx_word' id='word_1_203' title='bbox 268 3488 377 3545; x_wconf 83' lang='lat' dir='ltr'>letitato</span> <span class='ocrx_word' id='word_1_204' title='bbox 405 3489 504 3547; x_wconf 83' lang='lat' dir='ltr'>Veneto</span> <span class='ocrx_word' id='word_1_205' title='bbox 526 3493 555 3547; x_wconf 80' lang='lat' dir='ltr'>dt</span> <span class='ocrx_word' id='word_1_206' title='bbox 574 3495 677 3549; x_wconf 68' lang='lat' dir='ltr'>sciente</span> <span class='ocrx_word' id='word_1_207' title='bbox 697 3492 788 3549; x_wconf 87' lang='lat' dir='ltr'><strong><em>lettere</em></strong></span> <span class='ocrx_word' id='word_1_208' title='bbox 808 3493 842 3548; x_wconf 79' lang='lat' dir='ltr'>ed</span> <span class='ocrx_word' id='word_1_209' title='bbox 861 3496 917 3548; x_wconf 84' lang='lat' dir='ltr'>arti</span> <span class='ocrx_word' id='word_1_210' title='bbox 937 3509 991 3551; x_wconf 82' lang='lat' dir='ltr'>ser.</span> <span class='ocrx_word' id='word_1_211' title='bbox 1012 3490 1066 3549; x_wconf 90' lang='lat'>111.</span> <span class='ocrx_word' id='word_1_212' title='bbox 1088 3489 1144 3547; x_wconf 85' lang='lat' dir='ltr'>vol.</span> <span class='ocrx_word' id='word_1_213' title='bbox 1164 3488 1246 3547; x_wconf 82' lang='lat' dir='ltr'><strong>VIII.</strong></span> 
     </span>
    </p>
   </div>
   <div class='ocr_carea' id='block_1_9' title="bbox 443 3610 1305 3800">
    <p class='ocr_par' dir='ltr' id='par_1_9' title="bbox 443 3610 1305 3800">
     <span class='ocr_line' id='line_1_28' title="bbox 443 3610 1305 3702; baseline 0.002 -27"><span class='ocrx_word' id='word_1_214' title='bbox 443 3614 651 3679; x_wconf 82' lang='grc' dir='ltr'><em>Κλαυὸιανὸν</em></span> <span class='ocrx_word' id='word_1_215' title='bbox 675 3612 801 3701; x_wconf 77' lang='grc' dir='ltr'><em>πύκτην</em></span> <span class='ocrx_word' id='word_1_216' title='bbox 823 3612 1005 3702; x_wconf 87' lang='grc' dir='ltr'><em>λεντιοίριοι</em></span> <span class='ocrx_word' id='word_1_217' title='bbox 1027 3611 1143 3680; x_wconf 60' lang='lat' dir='ltr'>ivitati</span> <span class='ocrx_word' id='word_1_218' title='bbox 1167 3610 1305 3701; x_wconf 72' lang='grc' dir='ltr'><em>ἔθηκαν,</em></span> 
     </span>
     <span class='ocr_line' id='line_1_29' title="bbox 523 3710 1283 3800; baseline 0.004 -23"><span class='ocrx_word' id='word_1_219' title='bbox 523 3719 700 3797; x_wconf 82' lang='grc' dir='ltr'><em>τειμιῦντες</em></span> <span class='ocrx_word' id='word_1_220' title='bbox 723 3720 779 3782; x_wconf 87' lang='grc' dir='ltr'>καὶ</span> <span class='ocrx_word' id='word_1_221' title='bbox 804 3719 859 3783; x_wconf 83' lang='grc' dir='ltr'>νῦν</span> <span class='ocrx_word' id='word_1_222' title='bbox 882 3713 987 3781; x_wconf 83' lang='grc' dir='ltr'><em>είκιίνι</em></span> <span class='ocrx_word' id='word_1_223' title='bbox 1011 3715 1068 3781; x_wconf 82' lang='grc' dir='ltr'>καὶ</span> <span class='ocrx_word' id='word_1_224' title='bbox 1094 3710 1283 3800; x_wconf 83' lang='grc' dir='ltr'><em>στεφάνοις.</em></span> 
     </span>
    </p>
   </div>
   <div class='ocr_carea' id='block_1_10' title="bbox 270 3849 1484 4027">
    <p class='ocr_par' dir='ltr' id='par_1_10' title="bbox 270 3849 1484 4027">
     <span class='ocr_line' id='line_1_30' title="bbox 349 3849 1484 3930; baseline 0.008 -25"><span class='ocrx_word' id='word_1_225' title='bbox 349 3851 360 3905; x_wconf 99' lang='lat' dir='ltr'>l</span> <span class='ocrx_word' id='word_1_226' title='bbox 386 3849 513 3909; x_wconf 81' lang='lat' dir='ltr'>lintearii</span> <span class='ocrx_word' id='word_1_227' title='bbox 534 3852 665 3911; x_wconf 85' lang='lat' dir='ltr'>videntur</span> <span class='ocrx_word' id='word_1_228' title='bbox 684 3856 710 3913; x_wconf 86' lang='lat' dir='ltr'>ei</span> <span class='ocrx_word' id='word_1_229' title='bbox 737 3855 833 3914; x_wconf 84' lang='lat' dir='ltr'>vocari</span> <span class='ocrx_word' id='word_1_230' title='bbox 853 3854 903 3930; x_wconf 92' lang='lat' dir='ltr'>qui</span> <span class='ocrx_word' id='word_1_231' title='bbox 928 3852 1060 3912; x_wconf 83' lang='lat' dir='ltr'>velorum</span> <span class='ocrx_word' id='word_1_232' title='bbox 1086 3853 1117 3910; x_wconf 90' lang='lat' dir='ltr'>in</span> <span class='ocrx_word' id='word_1_233' title='bbox 1144 3853 1357 3930; x_wconf 75' lang='lat' dir='ltr'>amphitheatro</span> <span class='ocrx_word' id='word_1_234' title='bbox 1386 3875 1484 3914; x_wconf 78' lang='lat' dir='ltr'>curam</span> 
     </span>
     <span class='ocr_line' id='line_1_31' title="bbox 270 3952 403 4027; baseline 0.008 -19"><span class='ocrx_word' id='word_1_235' title='bbox 270 3952 403 4027; x_wconf 83' lang='lat' dir='ltr'>agebunt.</span> 
     </span>
    </p>
   </div>
   <div class='ocr_carea' id='block_1_11' title="bbox 272 4126 1483 4314">
    <p class='ocr_par' dir='ltr' id='par_1_11' title="bbox 272 4126 1483 4314">
     <span class='ocr_line' id='line_1_32' title="bbox 273 4126 1483 4213; baseline 0.007 -26"><span class='ocrx_word' id='word_1_236' title='bbox 273 4131 374 4192; x_wconf 64' lang='lat'><strong>9432.</strong></span> <span class='ocrx_word' id='word_1_237' title='bbox 417 4126 547 4192; x_wconf 72' lang='lat' dir='ltr'>Athenis.</span> <span class='ocrx_word' id='word_1_238' title='bbox 588 4134 697 4213; x_wconf 82' lang='lat' dir='ltr'>Vesing</span> <span class='ocrx_word' id='word_1_239' title='bbox 720 4136 844 4194; x_wconf 77' lang='lat' dir='ltr'>Graeolce</span> <span class='ocrx_word' id='word_1_240' title='bbox 869 4156 904 4212; x_wconf 74' lang='grc' dir='ltr'>ορ</span> <span class='ocrx_word' id='word_1_241' title='bbox 924 4135 1059 4194; x_wconf 80' lang='lat' dir='ltr'>Latineke</span> <span class='ocrx_word' id='word_1_242' title='bbox 1080 4134 1249 4210; x_wconf 64' lang='lat' dir='ltr'>tentarer</span> <span class='ocrx_word' id='word_1_243' title='bbox 1268 4140 1280 4193; x_wconf 86' lang='lat' dir='ltr'>i</span> <span class='ocrx_word' id='word_1_244' title='bbox 1300 4136 1483 4211; x_wconf 58' lang='grc' dir='ltr'><em>Κρόὸιολουο</em></span> 
     </span>
     <span class='ocr_line' id='line_1_33' title="bbox 272 4233 484 4314; baseline 0.014 -24"><span class='ocrx_word' id='word_1_245' title='bbox 272 4233 374 4312; x_wconf 81' lang='lat'>(1854)</span> <span class='ocrx_word' id='word_1_246' title='bbox 396 4254 423 4314; x_wconf 83' lang='lat' dir='ltr'>p.</span> <span class='ocrx_word' id='word_1_247' title='bbox 438 4234 484 4295; x_wconf 77' lang='lat' dir='ltr'>tt.</span> 
     </span>
    </p>
   </div>
   <div class='ocr_carea' id='block_1_12' title="bbox 0 0 1643 4974">
    <p class='ocr_par' dir='ltr' id='par_1_12' title="bbox 0 0 1643 4974">
     <span class='ocr_line' id='line_1_34' title="bbox 0 0 1643 4974; baseline 0 0"><span class='ocrx_word' id='word_1_248' title='bbox 0 0 1643 4974; x_wconf 95' lang='lat' dir='ltr'> </span> 
     </span>
    </p>
   </div>
  </div>
 </body>
</html>
