3248 4980
234 397 295 460 116
663 393 860 464 Epigrsmmsts
877 394 1044 465 sepulcralia.

309 556 405 626 inco
427 559 487 626 ἐπὶ
508 551 722 648 ἑβδομήκοντ’
746 554 853 626 ἔτεσιν
872 561 929 626 καὶ
951 555 1044 637 ἴσαις
1064 552 1121 624 ἐπὶ
1142 552 1290 643 βύβλοις·

639 663 718 723 linea
737 681 823 723 erasa

318 787 377 831 συν
378 762 509 851 ἔγραψε
532 762 569 831 δὲ
600 760 762 850 βιβλία’
749 760 885 851 ιατρικὰ
916 761 978 845 μὲν
1003 768 1059 846 oli,
1103 759 1259 852 ἱστορικὰ
1294 760 1333 828 δὲ
1369 759 1448 847 περὶ

317 860 471 953 Ζμίνρνης
493 873 555 950 oli,
585 867 664 948 περὶ
685 869 746 953 τῆς
764 858 920 953 Ὁμήρου
942 864 1067 951 οοφίας
1089 890 1121 941 α,
1150 867 1207 930 καί
1230 862 1395 948 πατρίδος
1416 888 1448 941 α,

313 960 430 1043 ’Λοίας
451 966 591 1034 κτίσεων
611 956 664 1049 αῙί,
681 961 847 1055 Εὐρώπης
868 955 1115 1054 κτίσεωναβγδ,
1137 963 1268 1050 νίοοων
1282 987 1314 1040 α,
1334 957 1450 1042 ’Λοίας

319 1065 589 1150 οταδιαομιῦν“
569 1094 601 1147 α,
637 1093 695 1135 και
685 1063 874 1156 Εὐρώπης
902 1078 936 1153 0¹,
969 1064 1230 1156 οτρατηγμτίτων
1262 1071 1316 1149 αβ,
1349 1064 1452 1144 πίναξ

314 1162 492 1250 Ῥωμαίων
513 1167 571 1234 καὶ
593 1167 801 1255 Ζμορναίων,
825 1169 963 1251 διαδοχί
986 1168 1072 1235 κατὰ
1092 1164 1240 1256 χρόνους.

309 1337 393 1396 Nihil
418 1341 531 1418 aegrius
558 1340 667 1400 sectum
693 1360 782 1419 quam
806 1342 886 1418 quod
909 1340 1034 1401 hominis
1053 1348 1113 1398 tam
1138 1339 1217 1399 docti
1240 1346 1359 1415 tamque
1383 1336 1450 1397 dili·

233 1433 328 1510 gentis
358 1451 394 1490 ne
420 1441 544 1494 aetatem
571 1436 688 1511 quidem
714 1435 787 1494 scire
811 1454 974 1513 possumus.
1019 1434 1153 1494 Litterae
1177 1433 1320 1512 vulgares,
1344 1432 1449 1509 quibus

232 1526 357 1602 scriptus
376 1534 423 1585 eet
441 1528 553 1600 titulus,
573 1529 662 1588 etiam
682 1529 719 1587 ad
739 1527 839 1591 Severi
859 1540 994 1607 tempora
1012 1530 1043 1587 in
1062 1547 1116 1587 usn
1136 1528 1252 1587 fuerunt
1273 1525 1449 1604 Smyrnaeis,

234 1621 267 1680 G.
292 1621 316 1681 Ι.
344 1621 428 1682 3178.
469 1622 667 1700 Hermogenes
692 1623 819 1682 medicos
843 1623 942 1700 plnres
965 1622 1110 1697 novimus,
1135 1622 1223 1681 etiam
1243 1620 1450 1681 Charidemum

233 1732 335 1772 unum:
357 1720 514 1791 utrqunnre
533 1736 638 1777 nomeu
657 1717 687 1775 in
707 1717 759 1775 illa
777 1717 848 1775 urbe
866 1718 1079 1777 creberrimum.
1106 1716 1210 1775 Altero
1222 1724 1322 1775 tamen
1336 1733 1365 1790 p.
1379 1712 1448 1773 Chr.

233 1827 261 1865 u.
282 1808 397 1868 saeculo
417 1810 467 1869 rix
487 1811 589 1870 titulus
614 1812 755 1871 recentior
772 1816 826 1869 est.
844 1844 882 1855 —
904 1811 921 1869 3
946 1811 1076 1888 argutius
1101 1810 1219 1877 Boeckh
1237 1825 1341 1868 nxxrn
1360 1808 1449 1866 libros

233 1900 446 1980 Hermogenem
466 1905 618 1982 scripsisse
637 1911 718 1964 retus
738 1905 857 1983 corrigit
876 1919 925 1963 oz.

232 2181 314 2242 306.
356 2182 498 2260 Smyrnae
517 2193 656 2260 protome.
697 2174 771 2246 041.
793 2185 878 2246 3283.

360 2306 475 2395 Ἰητὴρ
496 2306 659 2390 μεθόδου,
682 2305 864 2387 ³Acrcorceae‘,
888 2305 1074 2395 προοτάτα,
1096 2313 1202 2395 χαῖρε,

360 2406 471 2476 πολλὰ
491 2407 553 2489 μὲν
574 2407 683 2475 ἐσθλὰ
705 2409 829 2474 παθών
849 2408 962 2496 φρεσί,
984 2407 1097 2477 πολλὰ
1120 2409 1157 2474 δὲ
1179 2403 1294 2496 λογροί.

477 2511 528 2571 Μ.
554 2506 690 2586 Μόδιος
709 2503 900 2587 Ἀσιατικός

521 2604 636 2693 ἰατρὸς
657 2605 853 2693 μεθοδικάς.

309 2778 492 2854 Disciplinec
521 2778 701 2841 methodicae
741 2788 897 2842 sectatores
927 2799 951 2840 11
981 2781 1096 2841 saeculo
1124 2780 1252 2841 Soranus
1282 2791 1311 2839 et
1335 2779 1453 2841 Caelius

234 2872 408 2932 Aurelianus
428 2879 526 2946 erent3
551 2873 680 2933 eiusdem
704 2873 765 2933 fere
791 2877 895 2934 astans
915 2876 1072 2936 Asiaticus.
1093 2909 1130 2918 —
1153 2878 1166 2933 1
1190 2864 1312 2955 μεδίδου
1334 2863 1452 2956 προετεί-

234 2989 281 3042 της
309 2967 328 3024 i.
355 2987 379 3025 e.
410 2966 624 3026 πετδοδίοοναπ
648 2972 789 3044 princepe.
829 2969 967 3029 Welcker
992 2969 1063 3046 Syll.
1090 2971 1127 3029 37
1152 2979 1226 3029 extr.
1246 3003 1283 3014 -
1309 2969 1327 3027 2
1352 2968 1411 3029 Od.
1436 2964 1455 3027 δ

233 3059 413 3119 molentes
432 3065 462 3119 ec
482 3060 599 3121 adrem
619 3067 755 3122 mutatus.

234 3312 330 3402 ³07(
355 3342 442 3401 Inter
463 3341 623 3422 Smyrnaea
641 3342 671 3401 iu
692 3343 806 3404 schedis
827 3343 1036 3406 Sherardiauin
1068 3342 1101 3402 Ο.
1121 3343 1144 3403 Ι.
1166 3342 1251 3401 3284.

316 3498 451 3588 Πύκτην
471 3509 739 3572 ΑΑΣΚΕΠΟΝ
763 3498 915 3582 λεύσσεις
936 3501 1005 3585 ἐμέ,
1027 3501 1085 3569 τὸν
1108 3500 1314 3588 κατέπεφνεν

437 3601 576 3690 Πάρδος
599 3598 752 3686 ὁμοιείου
771 3600 997 3692 confirmares
1018 3600 1180 3670 θανάτου.

313 3771 430 3832 Nomen
461 3773 579 3832 Bocckh
602 3764 762 3833 Ἄτκεπτον
792 3775 876 3851 fecit,
906 3775 1107 3835 Wilamowitz
1130 3771 1292 3834 Ἀδτκεῒτον
1322 3773 1452 3847 coniecit,

237 3876 314 3942 quae
335 3866 429 3924 forma
448 3872 584 3945 suspecta
605 3867 724 3926 videtur.
736 3901 774 3910 -
789 3866 806 3925 2
820 3884 1019 3928 τεκτεικεαοε
1039 3868 1157 3928 Boeckh
1176 3855 1351 3947 τεοξτίμενος.
1377 3866 1453 3925 Fue·

238 3960 279 4018 rit
297 3974 511 4020 τενεοπεαοε,
532 3954 631 4039 ὁμοίαν
650 3951 769 4021 δοίνατον
791 3963 828 4022 ab
848 3964 978 4023 Homero
998 3969 1147 4023 mutuatus
1167 3968 1211 4021 est
1224 3967 1336 4021 manto
1355 3967 1453 4020 tamen

235 4052 407 4131 significatu.

238 4331 317 4394 ³08.
360 4332 510 4413 Smyrnae.
551 4334 730 4414 Auaglypho
750 4338 808 4397 duo
828 4337 974 4417 exsculpti
993 4337 1136 4413 homines,
1162 4337 1236 4397 alter
1256 4336 1348 4397 lorica
1371 4335 1454 4394 indu·
