3262 4974
300 361 336 407 vl
825 344 961 412 praelatio.

298 512 794 571 codicePalatinov1132'l-340
821 502 893 589 nepai
923 517 973 570 rai
1000 507 1155 590 μακαρίτου
1181 505 1324 590 Γρηγορίου
1352 510 1509 588 Καμψικοῦ

299 615 444 691 descripta
463 615 597 690 leguntur
617 635 727 690 quaeve
749 634 813 671 cnm
835 614 884 672 alii
904 615 1059 690 scriptores
1080 625 1142 672 tum
1156 614 1317 672 Pausanias
1331 634 1366 671 ex
1381 614 1508 688 periege-

300 724 394 774 tarum
415 718 472 775 fide
492 717 569 775 hand
589 717 724 792 ambigua
744 717 862 774 rettulit.
904 716 985 790 Quae
1006 718 1104 775 omnia
1125 735 1267 773 unacum
1281 715 1405 772 oraculis
1426 713 1506 771 aliis·

300 838 355 895 que
374 808 516 877 similibus
535 818 770 895 inscriptionibus
788 820 921 895 genuinis
935 819 1073 895 singulari
1088 818 1246 893 aliquando
1261 818 1335 875 libro
1351 816 1508 893 conplexus

299 922 391 994 edam,
412 940 504 996 neque
524 921 620 978 minus
640 940 714 996 quae
734 930 848 978 noemae
869 920 973 978 aetatis
994 921 1182 996 antiqnitates
1202 919 1399 994 investigandi
1424 917 1509 974 sedu-

300 1023 365 1081 litas
391 1023 611 1100 reperiendique
634 1023 757 1081 felicitas
783 1040 860 1081 nova
888 1022 1044 1099 protulerit
1073 1021 1216 1097 conligere
1246 1027 1276 1078 et
1305 1040 1341 1078 ex
1373 1018 1509 1077 instituto

300 1125 422 1183 consilio
442 1132 566 1183 tractare
586 1143 713 1201 pergam.

376 1228 490 1285 Inedita
510 1227 587 1284 haud
606 1228 648 1285 ita
668 1227 760 1284 multa
785 1227 856 1284 mihi
882 1233 997 1302 praesto
1022 1227 1112 1285 fuisse
1139 1226 1350 1302 epigrammata
1374 1225 1439 1299 ipsa
1465 1240 1511 1278 res

301 1330 375 1388 tulit.
416 1328 495 1387 Nam
516 1329 570 1386 etsi
590 1329 748 1387 amicorum
769 1328 880 1386 auxilio
901 1348 1048 1405 nunquam
1068 1329 1222 1386 destitutus
1248 1328 1425 1403 accipiebam
1453 1325 1512 1381 iere

300 1452 375 1508 qnae
400 1433 462 1489 sive
482 1432 594 1490 Itomae
620 1437 650 1488 ct
670 1431 794 1488 Athenis
820 1432 880 1488 sive
908 1432 938 1489 in
967 1431 1032 1489 aliis
1053 1430 1194 1491 Graeciae
1214 1430 1355 1488 Italiaeve
1379 1427 1511 1504 partibus

301 1535 526 1612 reperiebantur,
556 1544 651 1591 tamen
682 1534 804 1591 feliciter
833 1534 942 1591 factum
973 1542 1017 1591 est
1046 1543 1078 1590 nt
1109 1539 1254 1592 nostrates
1284 1551 1360 1608 quae
1390 1529 1511 1587 alicuius

301 1644 397 1720 essent
416 1636 556 1694 momenti
576 1637 614 1695 ad
635 1644 762 1703 veterum
783 1653 829 1693 res
850 1636 1022 1711 litterasque
1042 1636 1257 1712 cognoscendas
1277 1652 1365 1710 quarn
1385 1632 1510 1708 primum

301 1741 363 1797 fieri
383 1745 484 1817 posset
503 1738 588 1797 edere
608 1738 782 1795 consuerint.
824 1738 900 1797 Sunt
920 1757 988 1794 vero
1010 1757 1085 1812 qnae
1104 1738 1218 1815 primus
1238 1755 1291 1813 ego
1311 1734 1435 1812 prodam
1449 1733 1511 1790 sive

301 1861 318 1900 a
338 1842 468 1917 meipso
488 1839 558 1896 olim
578 1839 726 1915 descripta
747 1841 807 1898 sive
828 1840 951 1897 aliorum
973 1840 1112 1899 beneficio
1132 1840 1238 1899 debita.

378 1942 533 2000 Difficilius
572 1952 632 1999 erat
669 1942 800 1999 conlecta
836 1943 990 2018 generibus
1029 1943 1185 2000 inlustrare
1217 1939 1412 2014 partibusque
1444 1941 1513 2012 apte

300 2044 462 2103 discribere.
498 2044 571 2103 Cum
591 2044 667 2101 cuim
687 2044 718 2100 in
739 2063 826 2102 unum
848 2045 1107 2121 conprehendenda
1126 2053 1222 2102 essent
1242 2062 1315 2119 quae
1336 2042 1434 2100 decem
1454 2038 1514 2096 fere

301 2147 484 2204 saeculorum
505 2146 601 2222 spatio
621 2146 652 2203 in
673 2147 806 2205 omnibus
827 2147 886 2206 fere
906 2148 986 2206 orbis
1007 2157 1147 2205 terrarum
1168 2145 1313 2220 partibus,
1334 2143 1383 2200 nbi
1398 2140 1514 2216 quidem

240 2265 245 2279 ·
301 2268 395 2306 sermo
410 2266 531 2325 graecus
547 2248 663 2325 vigeret,
684 2249 831 2324 lapidibus
845 2249 983 2306 mandata
997 2257 1101 2320 essent,
1123 2266 1181 2305 non
1196 2266 1211 2302 e
1225 2266 1256 2303 re
1270 2246 1330 2301 fore
1350 2242 1515 2301 arbitrabar

301 2351 334 2423 si,
355 2351 432 2426 quod
452 2362 528 2408 recte
550 2351 658 2408 faciunt
678 2351 726 2425 qui
746 2350 969 2423 Inscriptionum
990 2349 1120 2424 Corpora
1140 2347 1276 2416 condunt,
1305 2366 1340 2402 ex
1361 2343 1423 2402 solo
1449 2362 1514 2419 geo·

301 2452 440 2529 graphice
461 2453 510 2526 qni
531 2452 635 2508 dicitur
655 2451 755 2507 ordine
775 2450 988 2525 epigrammata
1007 2450 1256 2526 digererem,·qua
1275 2448 1387 2506 scilicet
1405 2466 1436 2504 re
1450 2464 1514 2504 sae·

299 2555 366 2629 pius
381 2553 612 2627 disiungerentur
627 2569 700 2626 qnae
714 2551 858 2627 iungenda
872 2560 952 2608 erant
971 2551 1144 2625 diversaque
1157 2550 1244 2626 plane
1263 2550 1513 2619 conmiscerentur,

300 2654 349 2711 sed
364 2654 445 2711 varia
458 2659 694 2729 argumentorum
707 2672 813 2728 genera
826 2652 1036 2729 distinguenda,
1051 2663 1200 2729 praeterea
1210 2662 1373 2727 temporum
1386 2651 1515 2708 locorum

301 2755 406 2830 ingenii
436 2755 605 2831 disciplinae
634 2755 707 2811 artis
738 2754 810 2812 ratio
845 2754 979 2814 habenda
1013 2761 1082 2813 erat.
1134 2754 1258 2812 Meliora
1298 2754 1375 2811 enim
1412 2762 1514 2827 quarto

299 2875 325 2915 a.
349 2857 415 2916 chr.
437 2876 464 2914 n.
485 2874 572 2932 quam
593 2856 677 2912 tertio
696 2876 725 2932 p.
748 2856 815 2915 Chr.
837 2875 864 2912 n.
885 2856 1000 2914 saeculo
1025 2856 1208 2931 proveniunt,
1236 2855 1358 2913 meliora
1387 2854 1515 2929 plerum·

301 2977 357 3033 que
388 2957 511 3015 Athenis
544 2977 630 3033 qnam
661 2958 737 3033 apud
764 2958 938 3017 Macedones
965 2958 1123 3033 Syrosqne,
1158 2959 1260 3017 melius
1288 2956 1394 3016 Graeci
1424 2975 1513 3032 quam

300 3060 417 3117 barbari
437 3060 530 3118 cultae
551 3059 665 3135 linguae
686 3078 750 3117 sero
776 3060 887 3117 adsueti
912 3060 1053 3132 locuntur,
1079 3068 1109 3119 et
1134 3060 1211 3136 quod
1236 3060 1443 3136 gravissimum
1470 3066 1515 3116 est

302 3161 333 3217 in
353 3162 440 3218 certis
461 3161 633 3236 quibusdam
658 3161 818 3219 civitatibus
842 3163 1057 3238 provinciisque
1083 3169 1193 3222 certum
1227 3164 1373 3239 quoddam
1401 3161 1516 3221 dicendi

303 3261 501 3337 sentiendique
521 3281 612 3338 genus
635 3262 760 3320 florebat
779 3265 1032 3340 exercebaturque,
1053 3285 1128 3341 quae
1148 3283 1249 3324 omnes
1269 3286 1325 3338 res,
1351 3267 1375 3322 si
1401 3264 1515 3340 quidem

303 3365 365 3440 ipse
386 3364 454 3420 mihi
476 3372 610 3422 constare
631 3364 718 3435 volui,
740 3365 769 3421 in
789 3384 907 3423 censum
927 3367 972 3424 vel
997 3368 1124 3425 maxime
1150 3378 1232 3426 erant
1257 3367 1415 3427 vocandae.
1457 3366 1516 3422 Ita·

304 3485 358 3541 que
379 3475 411 3522 ut
430 3465 466 3523 de
487 3442 697 3542 sepulcralibus
717 3468 843 3543 primum
864 3468 956 3527 dicam
976 3468 1071 3527 titulis
1092 3470 1217 3546 primam
1232 3480 1345 3546 partem
1359 3470 1514 3526 atticorum

303 3568 368 3640 leci,
389 3568 430 3624 ita
449 3575 546 3625 tamen
567 3575 599 3626 ut
620 3587 694 3645 quae
714 3589 832 3646 graecae
852 3578 948 3629 essent
967 3572 1072 3629 aetatis
1094 3590 1226 3648 quaeque
1240 3590 1428 3630 romanorum
1443 3581 1515 3628 tem·

220 3726 230 3745 ,
304 3689 405 3746 porum
426 3688 489 3728 esse
512 3671 676 3728 viderentur
700 3690 884 3731 secernerem.
925 3672 1066 3732 Subiunxi
1093 3675 1253 3732 insularum
1276 3676 1421 3750 Asiaeque
1454 3672 1514 3749 epi-

303 3779 476 3847 grammata,
497 3771 526 3830 in
548 3773 653 3848 quibus
674 3772 779 3831 indolis
799 3793 919 3849 graecae
939 3776 1000 3831 sive
1021 3776 1113 3834 mavis
1134 3777 1207 3835 artis
1233 3776 1437 3834 alexandrinae
1452 3774 1514 3831 lon-

304 3874 420 3951 gissime
439 3881 541 3950 patent
560 3875 682 3951 vestigia
702 3885 730 3931 et
751 3875 868 3933 fructus.
911 3874 970 3935 Sed
994 3878 1152 3937 earundem
1172 3880 1320 3957 regionum
1341 3896 1404 3935 cum
1431 3876 1516 3953 longe

304 3976 397 4032 maior
416 3995 484 4050 pars
504 3977 673 4034 inferiorum
693 3987 769 4035 esset
788 3989 951 4053 temporum
975 3989 1002 4037 et
1029 3979 1178 4039 hominum
1203 3981 1395 4051 incultioruur,
1421 3980 1516 4055 priore

304 4079 369 4135 loco
389 4080 471 4153 posui
493 4079 620 4137 melioris
641 4090 727 4137 notae
747 4079 967 4156 epigrammata,
988 4083 1079 4141 altero
1099 4084 1277 4159 reliquorum
1298 4081 1515 4139 multitudinem

305 4180 398 4243 adieci
418 4182 634 4266 provinciarum
654 4183 714 4240 fere
734 4182 863 4241 ordinem
889 4190 1018 4243 secutus:
1049 4204 1117 4246 nam
1152 4187 1182 4242 in
1214 4203 1302 4244 unum
1334 4184 1516 4262 conponendi
