3248 4980
248 379 308 443 106
667 382 863 454 Epigrammata
880 381 1046 451 sepulcralia.

284 547 326 611 10
369 544 476 611 πουλύ
497 571 529 611 τι
552 544 691 613 πασάων
714 541 969 633 προφερεστάτη
992 543 1068 613 ἔσκε
1094 550 1290 632 [perarata.

370 647 426 711 καὶ
449 648 476 711 d'
500 641 583 734 αὕτη
606 643 716 736 πάτρη
738 673 795 730 μιν
816 643 978 734 ὑπείροχα
1001 646 1221 732 κυόαίνου[αα

368 750 462 812 πάσα
483 745 551 829 ἅμα
572 750 743 836 μυρομένη
764 773 799 815 τε
821 743 942 832 τάφοις
963 745 1162 837 &esbiruth
1185 752 1309 814 τοῖσδε.

319 882 470 944 Hadriano
493 885 637 944 recentius
663 904 726 945 esse
748 886 830 945 docet
851 905 877 943 v.
892 887 918 945 6.
959 886 1033 944 Eius
1057 886 1134 944 enim
1154 892 1248 946 aetate
1272 889 1366 962 coepti
1385 893 1456 946 sunt

242 976 347 1037 Graeci
368 988 396 1036 et
415 979 541 1038 Romani
561 980 617 1038 isto
638 981 723 1040 modo
743 981 868 1039 interae
887 980 1030 1057 coniungi,
1049 989 1083 1038 ut
1101 986 1219 1055 praeter
1237 998 1286 1039 eos
1307 980 1365 1038 alia
1385 1001 1455 1059 gens

242 1071 323 1129 nulla
342 1090 406 1130 esse
432 1073 586 1146 videretur,
610 1074 645 1133 ci,
667 1073 731 1132 Keil
752 1073 823 1148 Syll.
836 1077 931 1132 ἰὀιον.
952 1074 1049 1132 Boeol.
1074 1072 1136 1134 111.
1157 1107 1194 1116 -
1217 1075 1230 1130 l
1253 1069 1345 1152 ἔξοχον
1365 1075 1454 1133 etiam

241 1165 267 1222 ei
288 1166 428 1241 scripsere
452 1168 500 1242 qui
528 1187 563 1227 ex
585 1169 684 1244 pravis
703 1167 880 1244 apographis
900 1160 1041 1241 iubemur
1061 1167 1202 1243 legebant.
1223 1200 1259 1210 -
1281 1165 1299 1224 1
1318 1159 1365 1225 καί
1385 1159 1454 1247 bpa‘-

242 1279 288 1327 σος
306 1259 438 1333 Boeelrb3
459 1261 557 1336 recepi
575 1261 676 1320 Rossii
697 1261 929 1338 supplementum
949 1260 1013 1319 licet
1027 1261 1149 1320 lacunae
1162 1262 1287 1337 spatium
1304 1261 1454 1321 excedens.

242 1384 278 1395 -
300 1353 327 1411 3.
353 1355 380 1415 6.
402 1356 446 1411 11.
467 1355 562 1430 suppl.
583 1355 670 1415 Rosa.
689 1356 767 1413 -5
793 1374 828 1413 ex
856 1353 996 1431 Stephani
1023 1354 1191 1436 apographo
1217 1361 1332 1415 constat
1355 1355 1391 1413 de
1415 1355 1455 1412 le-

241 1447 335 1505 ctione
349 1447 528 1523 Πανίλλησιν,
551 1449 625 1507 unde
638 1450 675 1508 ab
689 1449 773 1507 initio
794 1449 913 1507 verbum
932 1450 1158 1526 recuperandum
1179 1456 1252 1524 erat,
1272 1449 1317 1507 cui
1338 1448 1455 1507 dativus

241 1540 320 1616 iungi
343 1549 452 1618 posset.
473 1576 510 1585 —
532 1543 549 1601 6
573 1543 724 1620 legebatur
748 1536 853 1621 πατρίς,
880 1541 915 1602 cs.
942 1563 969 1600 r.
993 1542 1027 1600 11
1055 1549 1084 1600 et
1108 1540 1154 1600 11.
1201 1541 1339 1601 Notanda
1362 1560 1456 1618 prava

241 1633 394 1692 verborum
419 1637 582 1696 conlocatio
589 1660 598 1708 ;
627 1636 752 1697 debebat
770 1635 848 1695 enim
872 1633 1006 1715 ποταμοῖο
1030 1633 1089 1715 παρ’
1114 1633 1215 1715 ίχθαῒς
1235 1641 1268 1693 ut
1287 1635 1321 1693 ll.
1342 1643 1368 1694 Δ
1388 1635 1454 1694 487.

241 1760 278 1769 -
299 1725 318 1785 9
338 1725 433 1796 είςοκεν
452 1730 538 1789 Rosa.
560 1719 663 1789 α’ίνειιεν
688 1728 810 1787 Boeclrh
833 1730 861 1789 h.
882 1749 906 1787 e.
927 1734 994 1806 quia
1012 1731 1099 1788 nobili
1118 1732 1177 1788 loco
1192 1748 1265 1805 peter
1284 1738 1366 1788 οαιυε
1386 1739 1453 1787 erat.

239 1853 277 1865 -
296 1822 330 1879 10
344 1821 424 1882 κεῖνον
437 1823 565 1882 Boeckh.
580 1827 618 1885 A.
639 1824 673 1884 P.
693 1822 766 1882 VIII
785 1823 842 1882 483
863 1817 940 1882 ἔσται
960 1812 1017 1903 μάν
1036 1811 1052 1881 ί
1063 1845 1097 1897 γε
1117 1822 1179 1892 ταῖς
1199 1813 1238 1907 ini>
1255 1814 1368 1901 diripiam
1386 1829 1454 1900 Φερ-

241 1911 384 1994 σεφονείας
403 1911 529 1991 παίγνιον,
559 1920 607 1977 ubi
638 1919 714 1994 quod
738 1916 886 1976 Planudes
911 1917 998 1975 habet
1022 1911 1218 1997 Φερσεφονείας
1240 1918 1398 1993 acciperem
1428 1917 1454 1975 si

241 2009 384 2085 legeretur
402 2000 418 2069 ί
429 2033 462 2085 γε
483 2011 538 2081 σοῖς
559 2005 593 2071 ἐνί
613 2005 726 2091 δείμασι
746 2012 765 2071 i.
787 2031 811 2072 e.
832 2008 972 2069 Plutonis.
993 2044 1030 2054 -
1047 2011 1082 2070 11
1101 2004 1237 2090 Μουσαίῳ
1257 2010 1383 2085 Boaclrh,
1404 2011 1454 2086 qui

240 2102 424 2164 Nicocratem
450 2107 489 2181 (v.
507 2107 541 2183 4)
565 2106 658 2165 filium
682 2125 746 2165 esse
770 2105 892 2182 sumpsit
915 2105 1029 2163 Musaei
1052 2111 1082 2163 et
1106 2104 1246 2164 Paulinae
1272 2105 1372 2181 (alb.
1395 2106 1453 2181 16),

238 2197 359 2258 fratrem
380 2200 503 2276 Ampelii
523 2201 562 2278 (v.
577 2202 634 2277 14).
655 2234 692 2244 -
713 2200 843 2260 Alterum
868 2217 982 2257 carmen
1008 2198 1115 2258 litteris
1139 2199 1343 2277 grandioribus
1369 2219 1453 2258 orna·

241 2291 417 2370 tioribusque
446 2295 586 2370 scriptum
616 2295 737 2353 eandem
766 2300 864 2352 tamen
895 2292 1020 2352 indolem
1050 2292 1154 2371 prodit.
1180 2326 1217 2335 -
1245 2293 1279 2350 13
1309 2282 1355 2367 nb
1386 2282 1454 2372 ἱεράν

240 2385 270 2443 in
290 2387 443 2447 notissimo
462 2407 546 2447 versu
567 2389 653 2447 etiam
673 2389 763 2465 epigr.
783 2387 947 2445 Prusanum
969 2386 1057 2462 (infra
1076 2407 1104 2444 n.
1126 2386 1206 2461 354),
1227 2370 1273 2459 aab
1288 2376 1354 2464 ἱερὴν
1372 2388 1408 2447 A.
1421 2386 1450 2447 P.

240 2479 296 2538 vll
317 2481 334 2539 3
355 2488 384 2540 et
402 2482 458 2541 36⁴2
479 2492 507 2541 et
525 2482 570 2541 tit
592 2498 730 2539 romanus
751 2480 887 2538 Weialrer
907 2480 979 2554 Syll.
1001 2483 1047 2542 84.
1068 2514 1105 2523 —
1130 2481 1164 2539 16
1188 2495 1269 2537 τειιαι
1289 2478 1453 2557 Stephanus

240 2572 352 2633 hastam
373 2585 441 2650 post
464 2596 495 2633 τε
515 2594 574 2633 non
587 2575 714 2632 litteram
735 2592 797 2632 asae
816 2575 868 2633 sed
888 2575 1148 2652 interpunctionem
1169 2573 1335 2632 adfirmans
1362 2566 1450 2652 μήτηρ

240 2665 364 2726 Boackh.
384 2701 422 2712 —
444 2671 479 2727 17
494 2687 537 2745 sq.
559 2668 653 2746 suppl.
674 2666 800 2726 Boeclrh.
821 2701 859 2713 -
883 2668 917 2727 19
942 2683 1047 2730 rar..1
1069 2666 1169 2744 Stepb.
1190 2689 1220 2726 τε
1240 2653 1303 2725 νίοιο
1323 2666 1451 2733 Boaclrh.

239 2753 286 2819 καὶ
306 2757 378 2820 αἰδοῖ
394 2762 479 2822 Ross.
499 2795 536 2808 -
558 2759 595 2819 11
616 2760 711 2837 suppl.
731 2760 795 2822 edd.

238 3037 312 3100 ara.
350 3039 383 3098 n
405 3038 488 3118 syro.
530 3039 563 3100 o.
585 3039 608 3099 1.
630 3039 704 3098 auu.
727 3038 752 3098 ιι
773 3038 849 3099 sear
869 3059 898 3116 p.

311 3155 440 3250 ’Ἀνδρα
463 3158 579 3248 σοφόν,
604 3160 781 3229 Μούσαισι
802 3161 997 3242 τετειμένον,
1021 3159 1146 3226 ἐσθλὸν
1168 3158 1301 3249 ἑταῖρον

407 3267 490 3330 πάσι
513 3263 637 3351 φίλοις,
658 3258 779 3351 ἀγαθῷ
798 3259 1004 3352 χρησάμενον
1025 3256 1141 3346 βιότῳ,

313 3363 491 3454 Εἱρηναῖον
513 3360 626 3430 ἔδεκτο
649 3360 779 3452 πάτρης
802 3360 1033 3450 Μεροπηίδος
1053 3352 1131 3426 lina

404 3467 522 3551 Σῦρος.
829 3462 908 3543 10ςῖ

312 3620 335 3662 ιι
359 3603 407 3662 rel
425 3620 460 3662 m
485 3623 558 3664 saec
584 3605 778 3683 epigramma,
803 3602 881 3679 quod
902 3600 965 3658 sine
984 3597 1073 3656 dubio
1092 3597 1232 3675 integrum
1253 3606 1307 3657 est.
1347 3602 1447 3658 Anno·

235 3718 298 3756 rum
319 3717 470 3759 numerum
488 3699 682 3777 subscriptum
702 3716 764 3758 esse
783 3696 895 3773 primus
916 3693 989 3752 vidit
1008 3691 1213 3751 Wilamowitz.

234 3973 308 4033 tu.
337 3976 452 4036 Minoae
473 3977 602 4055 Amorgi.
638 3977 687 4034 Ex
707 3972 899 4032 Baumeisteri
924 3972 1095 4049 apographo
1116 3967 1316 4030 Schneidewin
1344 3970 1445 4028 Plilol.

233 4068 279 4127 IX
300 4069 365 4128 391.

317 4214 484 4305 Μοιράων
504 4242 546 4299 με
567 4216 664 4298 μίτος
687 4214 806 4302 πικρὸς
830 4207 962 4290 obtrusa,
988 4208 1056 4302 [ο]ιἰ
1080 4211 1269 4300 [β]ι[ό]τοιο

401 4312 479 4383 οὖὸὲ
501 4315 610 4403 φάους
632 4317 793 4403 γλυκεροῦ
816 4314 942 4385 πολλὸν
964 4310 1205 4399 ἐπαυρόμενοι·
