3270 5034
244 440 248 448 .
284 358 346 423 336
700 355 902 426 Epigrammata
918 355 1084 410 dedicatoria.

390 515 513 586 αὐτόθι
538 518 599 607 γὰρ
622 520 813 603 κλειδοῦχος
835 516 900 606 ἔφυ
922 519 1128 608 Βασιληίδος
1141 515 1258 607 Ἥρης,

477 621 512 688 ἐν
532 621 649 708 Λέρνῃ
671 622 699 686 δ’
723 617 837 704 ἔλαχεν
858 617 1088 705 μυστισόλους
1112 622 1239 698 δαίδας.

315 830 345 895 b.
390 824 565 913 Δρδοῖιχος
585 846 627 905 με
649 817 775 911 Κόρης,
799 824 959 908 Βασιλᾶν,
983 819 1077 902 Διός,
1102 820 1177 911 ἱερὰ
1200 827 1311 911 σηκῶν

306 930 346 995 10
465 921 575 1009 Ἥρας
597 923 742 1009 κλεῖθρα
765 924 878 1013 φέρων
898 924 1013 1007 βωμὸν
1035 921 1139 1012 ἔθηκε
1158 918 1240 1012 Ῥέη,

384 1020 562 1115 Ἀρχέλαος
582 1024 719 1111 τελετῆς
741 1024 942 1114 συνθήματα
965 1025 1096 1113 κρυπτὰ
1117 1020 1264 1111 χαράξας

474 1120 685 1212 ταυροβόλου
708 1130 842 1211 πρῶτον
863 1128 963 1212 δεῦρο
986 1126 1206 1213 τελειομένης.

359 1282 384 1323 ιι
403 1263 450 1323 vel
469 1280 505 1321 ιιι
525 1260 641 1322 saeculi.
670 1261 849 1323 Tauroholia
868 1265 986 1340 quando
1005 1266 1132 1342 primum
1153 1264 1190 1321 ab
1210 1263 1438 1323 Atheniensibus
1452 1282 1500 1320 re-

283 1367 369 1437 cepta
389 1357 576 1435 sint(v.12)
597 1357 748 1416 nescimus.
770 1389 805 1401 ·-
828 1358 991 1418 Archelaus
1014 1358 1201 1418 Atheniensis
1222 1356 1263 1433 (v.
1277 1358 1319 1434 5),
1346 1357 1435 1433 Argis
1456 1357 1500 1414 vi-

283 1458 344 1511 tam
364 1452 471 1529 degens
486 1453 526 1526 (u.
541 1450 640 1526 ian),
660 1449 780 1509 Iunonis
794 1451 962 1527 cleduchus‚
983 1452 1179 1528 Proserpinae
1192 1451 1341 1511 Lernaeae
1352 1451 1500 1508 daduchus

283 1546 409 1622 itemque
429 1546 581 1622 utriusque
602 1545 672 1603 deae
693 1545 739 1620 (cr.
761 1545 849 1605 Paus.
874 1545 1040 1619 v11131,2
1065 1548 1118 1603 ταῒ
1142 1549 1209 1605 uacui
1233 1541 1262 1605 dl
1285 1549 1340 1606 τῶν
1365 1536 1500 1627 aeuitur

284 1640 355 1700 θεῶν
369 1640 440 1698 ἐστιν
460 1638 486 1699 ἐν
506 1636 583 1721 δεξιᾷ
601 1632 647 1699 aul
667 1630 768 1717 Κόρης)
788 1639 908 1699 etlcvis
923 1640 990 1698 Atti
1009 1639 1167 1717 Rheaeque
1189 1660 1313 1717 quorum
1332 1640 1501 1717 nuperrime

285 1735 376 1794 sacris
395 1735 527 1794 initiatus
545 1740 593 1793 est
611 1752 693 1793 aram
714 1734 835 1793 dedicat.
856 1767 893 1777 -
918 1735 950 1791 ll
971 1733 1003 1792 in
1028 1753 1086 1792 uno
1111 1753 1180 1794 arae
1204 1735 1295 1795 latere
1321 1734 1397 1794 iaces
1424 1734 1501 1792 duae

285 1828 459 1887 decussatim
479 1848 537 1887 una
556 1827 639 1887 alteri
659 1847 794 1902 conexae,
814 1829 948 1904 utrinque
968 1828 1063 1904 pinus,
1083 1829 1113 1886 in
1134 1829 1282 1906 superiore
1295 1837 1378 1906 parte
1392 1829 1495 1886 bucra-

285 1922 334 1980 nia
354 1923 411 1981 tria
429 1924 515 1982 sertis
535 1923 611 1983 iuter
630 1940 662 1981 se
683 1923 849 1981 coniuncta:
871 1923 942 1981 haec
960 1932 1033 1998 puto
1054 1909 1223 1999 cundiam
1243 1913 1353 2001 κρυπτά
1372 1921 1438 1980 dici.
1459 1953 1499 1964 -

285 2016 461 2074 Archelaum
481 2015 593 2075 conicio
613 2022 664 2074 aut
684 2017 807 2075 eundem
826 2035 891 2074 esse
911 2022 964 2074 aut
983 2026 1096 2092 patrem
1115 2016 1244 2075 filiumve
1270 2018 1331 2077 eius
1351 2014 1501 2088 Archelai,

286 2111 336 2186 qui
357 2109 536 2169 antecedenti
552 2109 679 2168 carmine
699 2111 859 2168 honoratur
866 2130 874 2181 ;
896 2119 995 2170 uotum
1016 2111 1093 2168 euim
1113 2119 1160 2170 cst
1177 2112 1207 2169 in
1227 2112 1270 2170 eis
1284 2110 1428 2188 gentibus,
1449 2127 1501 2184 pe·

285 2222 337 2262 nes
356 2223 431 2280 quas
450 2204 610 2264 sacerdotia
628 2210 698 2262 eunt
716 2204 878 2280 antiquitus
898 2215 1027 2281 recepta,
1054 2205 1225 2282 saepissime
1252 2203 1337 2263 simul
1363 2220 1428 2260 cum
1448 2220 1498 2260 sa·

285 2316 401 2356 crorum
419 2298 583 2358 ministerio
603 2297 721 2356 nomina
740 2297 840 2356 eadem
867 2317 920 2377 per
940 2301 1029 2377 longa
1049 2311 1214 2377 temporum
1233 2298 1329 2376 spatia
1348 2303 1501 2371 tamquam

284 2409 338 2467 per
357 2409 461 2451 manus
480 2392 556 2451 tradi
577 2391 679 2450 solere.
719 2391 856 2451 Ceterum
875 2394 1086 2454 Archelaorum
1106 2412 1248 2471 proavum
1268 2393 1294 2451 si
1315 2390 1381 2468 quis
1401 2388 1501 2447 videa·

285 2493 333 2542 tur
362 2485 419 2544 sibi
442 2485 631 2564 deprendisae
654 2484 831 2544 Archelaum
863 2487 1001 2546 Archelai
1031 2487 1175 2548 notissimi
1201 2485 1388 2546 Mithradatis
1420 2487 1501 2546 ducis

286 2577 393 2652 illium,
419 2598 505 2655 quem
524 2577 678 2656 Pompeius
699 2577 846 2639 Cumanae
865 2578 987 2641 Pontica
1005 2582 1036 2640 in
1057 2585 1127 2642 urbe
1146 2583 1324 2642 sacerdotem
1343 2580 1500 2640 consciuit

288 2670 401 2747 (Strab.
422 2692 450 2750 p.
465 2673 547 2748 558),
566 2673 699 2750 equidem
719 2690 777 2730 non
797 2673 928 2734 obstabo.

287 2950 364 3011 823.
404 2952 522 3012 Romae.
563 2951 595 3013 G.
617 2954 637 3015 l.
659 2953 771 3015 colse

690 3078 808 3168 Μητρὶ
828 3084 930 3147 θεῶν.

410 3172 464 3242 Ἐκ
486 3173 660 3244 δεκάπεντ’
684 3174 813 3266 ἀνδρῶν
839 3179 969 3263 Φοίβου
991 3181 1249 3270 στεφανηφόρος
1270 3178 1361 3269 ἱρεύς

413 3277 587 3368 Κρησκηνς
610 3274 757 3368 ἠγάθεός
778 3307 814 3348 τε
836 3280 1012 3366 Λεόντιος,
1035 3278 1174 3366 ἔνσοφοι
1196 3275 1322 3373 ἄνδρες,

505 3371 545 3460 ‘lg
564 3382 625 3463 μὲν
646 3377 705 3449 ἄττ’
729 3377 896 3470 ἄντολίης,
920 3375 958 3462 ὃς
980 3385 1008 3448 d'
1031 3375 1084 3470 ἄρ’
1107 3376 1166 3468 ἀφ’
1189 3379 1356 3471 ἑσπερίης,

411 3474 508 3569 ὄργια
531 3482 726 3570 σονρέξσντε
748 3487 828 3549 dede
852 3479 1048 3571 παμμήτορι
1067 3479 1167 3572 Ῥείην

348 3590 368 3652 5
412 3582 592 3672 κριοβόλοο
613 3586 748 3672 τελετῆς
769 3585 825 3649 καὶ
848 3578 1071 3671 ταυροβόλοιο
1094 3586 1255 3673 φερίστης

510 3676 614 3772 ἦμασι
633 3679 856 3766 μοστιντόλοις
875 3683 989 3767 βωμὸν
1009 3680 1246 3773 ὑοερτίθεσαν.

361 3822 476 3882 Titulus
495 3841 530 3880 eo
549 3821 598 3897 qui
618 3821 747 3897 sequitur
767 3822 798 3897 (i.
820 3843 844 3883 e.
864 3841 942 3882 anno
963 3824 1031 3900 370)
1053 3823 1206 3901 antiquior.
1218 3826 1282 3882 -l
1305 3825 1440 3884 videntur
1459 3843 1498 3885 ex

285 3917 448 3994 quindecim
483 3916 554 3973 viris
591 3914 688 3973 nescia
717 3934 776 3992 qua
806 3935 890 3975 sacra
919 3917 1078 3994 profanare
1108 3919 1308 3977 communione
1337 3920 1497 3978 coniunctis

285 4009 424 4069 Crescens
453 4020 481 4069 ct
507 4009 647 4067 Leontius
678 4016 757 4069 sorte
781 4010 864 4070 electi
889 4029 952 4071 asse
982 4010 1032 4087 qui
1059 4011 1159 4070 Rheae
1186 4013 1276 4071 sacris
1301 4013 1495 4073 initiarentur.

285 4104 326 4162 Hi
345 4112 441 4164 autem
462 4105 535 4165 deae
553 4102 665 4181 gratias
685 4105 841 4164 referentes
861 4121 914 4184 pro
934 4107 1145 4165 consecratione
1164 4125 1247 4165 aram
1266 4117 1433 4184 posuerunt.

786 4336 989 4347 —uh———nnn
