3262 4974
688 385 709 441 1.
745 386 841 441 Attica.
1342 391 1383 456 29

297 560 402 640 πατρὶ
424 561 528 640 φιλωι
551 552 607 618 καὶ
628 555 730 642 μητρί
754 548 889 619 λιπόντε
912 545 1132 639 ἀμφοῖμμὲγα
1155 556 1293 638 πένθος,

298 650 419 720 ούνεκα
442 650 670 740 ἀποφθιμένω
691 653 794 742 βήτην
817 649 920 736 δύμον
939 648 1052 731 Ἀίδσς
1073 649 1162 721 εἴσω.

248 827 281 868 iv
302 828 375 870 saec.
428 825 450 868 o
481 826 534 885 pro
565 824 607 867 or
632 809 779 887 scriptum,
811 825 826 866 ε
852 828 905 884 pro
930 825 954 865 ει
980 816 1095 886 praeter
1120 806 1215 868 κεῖται.
1237 811 1312 869 -·2
1333 830 1385 870 nec

170 912 345 963 structuram
367 903 502 980 intellego
522 921 575 961 nec
595 903 714 960 verbum
735 897 907 981 παραδεῖξαι.
949 901 1062 976 Quodsi
1082 902 1195 980 sculpta
1214 924 1384 982 repraesen-

170 999 241 1058 tatio
265 999 385 1072 dicitur,
411 996 496 1055 doleo
522 997 600 1072 quod
626 995 787 1073 anaglyphi
814 1003 1017 1072 argumentum
1037 997 1129 1055 editor
1149 1018 1208 1057 non
1228 1001 1384 1058 enarravit.

170 1092 235 1152 Hoc
260 1092 388 1150 voluisse
413 1091 525 1149 videtur
548 1100 648 1167 poeta:
672 1093 770 1165 satum
789 1093 932 1165 smtiacna
955 1091 1097 1166 prohihm't
1121 1111 1155 1151 ne
1180 1097 1236 1168 ipsi
1261 1096 1385 1169 defuncti

170 1199 233 1245 orte
256 1186 460 1251 exhiberentur,
485 1186 514 1242 in
541 1204 600 1262 quo
627 1182 656 1243 ιδ
685 1184 726 1242 ita
750 1184 944 1243 excusationis
969 1182 1082 1260 aliquid
1106 1185 1207 1260 habet,
1233 1196 1264 1244 ut
1283 1207 1384 1247 monu-

170 1290 280 1352 mento,
308 1280 388 1356 quod
407 1289 474 1338 ante
495 1279 593 1337 oculos
615 1286 673 1352 est,
694 1279 774 1355 ipsos
794 1279 952 1348 defunctos,
973 1297 1096 1353 quorum
1117 1280 1257 1358 imagines
1277 1301 1385 1358 ponere

171 1394 229 1432 non
255 1375 349 1448 licuit,
375 1375 483 1451 opponi
503 1374 649 1433 dicamus:
676 1361 706 1430 τί
728 1368 777 1450 μὲν
797 1375 896 1451 μνῆμα
916 1360 978 1431 τίδε
999 1371 1099 1444 κεῖται,
1121 1364 1199 1433 αὐτα)
1221 1371 1250 1433 δὲ
1269 1365 1309 1434 τυ)
1330 1376 1384 1436 θα-

170 1462 241 1528 ιδντε
263 1466 316 1547 οὐχ
337 1459 385 1528 ιΐίν
398 1469 424 1527 τ’
437 1461 467 1543 ἦν
487 1463 660 1548 παραδεῖξαι.
680 1501 717 1510 -
738 1468 757 1525 4
776 1467 908 1525 clausula
926 1468 1080 1528 homerica.

676 1636 879 1646 ’.-

170 1768 226 1828 88.
267 1769 401 1830 Athenis.
442 1767 563 1831 Cuman.
585 1768 669 1829 2486.

524 1909 701 1995 Σύμμαχος
723 1910 876 1997 Σίμωνος
899 1915 996 1991 Χῖος.
1098 1918 1100 1922 ’

256 2037 283 2081 a.
328 2013 479 2079 Πλεῖστα
500 2013 562 2096 μέν
584 2008 789 2103 εύφρανθεὶς
810 2010 941 2098 βιότιοι,
966 2010 1090 2091 λύπαις
1113 2012 1149 2078 δέ
1171 2010 1362 2093 ἐλαχίσταις

373 2110 591 2201 χρησάμενος,
613 2114 722 2204 γήρως
743 2115 849 2202 τέρμα
870 2113 982 2195 μολιὺν
1004 2113 1090 2201 πρὸς
1112 2105 1224 2199 ἀκρον,

324 2216 411 2289 Χῖος
432 2214 493 2297 μέν
514 2216 628 2300 γενεὰν
649 2214 813 2300 βλαστών,
838 2214 966 2303 πατρὸς
988 2215 1025 2281 δέ
1050 2214 1199 2297 Σίμωνος

374 2312 551 2398 Σύμμαχος
571 2316 606 2383 έν
629 2318 790 2395 δαπέδοις
813 2314 1010 2404 Κεκροπίας
1031 2313 1180 2403 ἒκλίύιγν.

173 2521 192 2582 5
259 2519 288 2585 b.
330 2512 374 2579 ‘H
392 2517 452 2600 μέν
475 2516 695 2601 καλλικόμοις
719 2518 885 2606 πτύρίλοις
906 2513 1117 2607 βοτροιύδεσς
1138 2512 1230 2604 οἴνιγς

378 2622 464 2698 Χῖος
485 2614 694 2708 ἀγαλλομένη
717 2618 896 2705 Σεμμάχοιι
919 2619 990 2686 ἐστὶ
1013 2617 1142 2706 πατρίς.

326 2717 359 2784 αλ
384 2720 420 2786 δὲ
443 2727 556 2787 θεοῖσι
578 2718 725 2802 μάλιστα
748 2723 844 2809 φίλαι
866 2721 1025 2809 θνητοῖσί
1045 2745 1081 2786 τε
1093 2715 1235 2807 Ἀθῆναι

378 2825 473 2905 σῶμα
501 2823 559 2887 σὸν
581 2819 760 2908 έγκύλποις
781 2821 915 2910 κρύφον
937 2818 1185 2908 ἀποφθίμενον.

253 2976 383 3034 Alterum
413 2978 592 3053 epigramma
622 2978 717 3053 priore
746 2978 831 3056 longe
860 2978 1001 3056 pulcrius,
1032 2976 1088 3035 nisi
1114 2975 1191 3051 quod
1217 2975 1319 3035 melius
1344 2977 1387 3035 di-

173 3073 268 3130 xisset
291 3077 380 3147 poeta
405 3090 432 3128 v.
452 3071 469 3128 8
494 3069 694 3151 ἀποφθιμένου.
721 3106 758 3115 -
779 3073 796 3131 6
817 3073 892 3130 mira
910 3069 974 3140 Χίος
995 3071 1121 3128 nominis
1141 3070 1287 3127 trochaica
1308 3090 1387 3130 men·

174 3184 254 3236 sors,
273 3183 332 3239 qua
346 3171 444 3222 tamen
464 3165 583 3225 minime
603 3167 767 3227 defenditur
786 3166 1004 3242 epigrammatis
1025 3166 1104 3241 quod
1125 3164 1324 3225 Simonidenm
1344 3166 1387 3222 di·

173 3262 251 3318 citur
267 3260 330 3331 119,
351 3279 377 3317 v.
392 3261 409 3315 4
426 3254 554 3318 οὐδ”ίκευ
574 3254 637 3319 Χίον
657 3261 683 3329 ἐς
698 3250 864 3342 ἀμφιρύτην.
879 3295 914 3305 -
933 3261 1070 3320 Ceterum
1084 3258 1175 3316 Chius
1189 3259 1287 3334 potius
1301 3278 1387 3334 quam

173 3354 363 3412 Atheniensis
382 3359 470 3429 posta
489 3354 604 3414 videtur
623 3355 722 3415 fnisse.
870 3353 872 3358 ’

680 3557 882 3571 μὴ*

174 3698 232 3762 89.
278 3701 381 3764 Incerti
413 3704 483 3779 loci;
514 3705 590 3784 lapis
620 3704 743 3767 fortasse
773 3726 810 3766 ex
840 3704 961 3764 Euboea
988 3705 1117 3763 Athenas
1147 3701 1306 3763 translatus
1335 3711 1387 3762 est.

172 3796 297 3860 Cornan.
321 3800 402 3859 1651.

536 3942 656 4021 Νικίας
680 3943 801 4008 Νικίου
818 3936 1011 4031 Ἐρετριεύς.

261 4045 357 4129 Σῖγμα
379 4040 448 4110 τύδ’
466 4043 500 4110 έν
522 4048 631 4133 κενεῆι
654 4051 761 4110 κεῖται
783 4042 891 4125 χθονί,
917 4043 1026 4131 [σῶμα
1050 4044 1078 4106 δ’
1094 4041 1148 4106 ἐπ’
1164 4035 1269 4127 ἀγροῦ

324 4139 459 4235 Ὠρείοιι
481 4145 620 4233 κρύπτει
642 4145 789 4233 πσρκαιίγ
813 4145 993 4230 φθιμένου·

260 4244 348 4314 τόνδ’
363 4245 414 4315 ἔτι
437 4246 656 4314 παπταίνοντ’
671 4246 729 4314 ἐπὶ
751 4242 890 4332 γούνασι
912 4244 1040 4333 πατρὸς
1060 4243 1202 4329 μάρψας

323 4345 441 4440 ’Ἅιδης
465 4345 527 4438 [ο]ί
551 4349 689 4426 σκοτίας
710 4342 904 4434 ἀμφέβαλεν
927 4345 1101 4432 πτέρυγας.
