3270 5034
242 385 303 449 252
636 382 639 383 ’
658 387 855 456 Epigrammata
872 387 1036 455 sepulcralia

328 547 478 632 ζωούσας
500 548 614 629 ἔλιπες
636 551 698 638 γὰρ
722 546 875 639 ἀηδόνας,
900 542 940 631 ὃς
958 546 1132 629 ’Λιδιονεὺς

245 658 284 720 10
417 646 579 719 οὐδέποθ’
603 648 737 741 αἱρήσει
759 656 800 742 τῇ
822 655 978 742 φθονερῇ
1000 650 1149 741 παλάμῃ.

261 857 292 923 b.
328 855 434 921 Βαιδν
454 855 516 937 μὲν
536 850 614 921 τόδε
637 860 738 943 σῆμα,
759 855 798 921 τδ
821 855 858 921 δὲ
881 855 979 933 κλέος
1000 849 1141 942 οὐρανὸν
1161 853 1239 933 ἵκει,

412 952 564 1042 Μάξιμε,
587 957 774 1042 Πειερίδων
795 955 867 1035 ἑξέο
891 957 1108 1039 λειπομένων·

325 1055 473 1140 νώνυμον
494 1051 573 1123 σιἰδέ
595 1081 632 1123 σε
654 1061 759 1145 μοῖρα
783 1059 961 1124 κατέκτανε
981 1055 1200 1144 νηλεόθνριος,

414 1152 486 1224 ἀλλ’
510 1155 624 1225 ἔλιπεν
646 1155 757 1247 λήθης
779 1150 931 1245 δ’μμορον
953 1153 1099 1246 εὖειιίην.

243 1265 282 1327 15
327 1253 418 1337 olore
440 1255 659 1345 ἆδακρύτοισι
680 1261 755 1326 τεδν
777 1259 870 1346 παρὰ
891 1257 1015 1342 τύμβον
1038 1254 1185 1341 ἀμείβων

413 1356 610 1446 ὀφθαλμοῖς
634 1361 767 1442 σχεδίου
789 1361 940 1447 δέρξεται
963 1358 1141 1447 εὐστιχίην·

325 1454 443 1548 ὅρκιον
465 1461 500 1540 ἐς
522 1457 654 1545 δόλιχον
675 1458 753 1527 τόδε
775 1486 830 1528 σοι
854 1462 961 1539 κλέος·
986 1455 1025 1526 οὐ
1047 1460 1111 1548 γὰρ
1135 1456 1291 1551 ἀπευθής

311 1591 313 1597 ·
414 1563 543 1629 κείσεαι
565 1557 754 1640 οὐτιδανοῖς
776 1559 931 1646 ἰδόμενος
952 1561 1076 1628 νέκυσι·

326 1663 434 1730 πουλὺ
456 1664 493 1730 δὲ
516 1664 573 1730 καὶ
593 1667 731 1750 χρυσοῖο
755 1664 812 1729 καὶ
834 1658 1012 1752 ἠλέκτροιο
1035 1668 1178 1750 φαεινοῦ

243 1771 285 1836 20
411 1761 549 1854 ἐ’(σ)σετ’
572 1760 625 1832 del
649 1764 798 1852 κρέσσων
820 1757 860 1854 ἣν
881 1761 995 1841 ἔλιπες
1017 1763 1145 1831 σελίδα.

199 1914 204 1924 ’
318 1907 422 1964 Annus
448 1912 494 1964 est
517 1924 545 1981 p.
562 1904 630 1965 (lhr.
651 1923 679 1963 n.
701 1905 754 1977 94,
779 1904 843 1962 coll.
870 1902 1021 1963 censorin.
1048 1905 1082 1961 de
1107 1905 1150 1962 die
1174 1916 1231 1964 aot.
1257 1927 1280 1967 c.
1298 1907 1333 1964 18
1357 1924 1457 1964 sareas

239 2011 330 2058 tamea
350 2019 442 2058 cauae
461 2018 582 2074 οισροαε
597 2018 653 2075 per
669 1997 841 2074 Caprtoliaos
860 2017 968 2073 σροσσε
988 2008 1096 2074 cooperate
1116 2009 1156 2058 cst
1167 2001 1325 2075 diligentiae
1340 2005 1456 2074 emori,

240 2113 359 2170 quaeram
377 2112 497 2169 σροοαοι
514 2097 623 2169 pamas
643 2092 835 2150 cDomita‘auo
855 2096 994 2151 inaltatus
1008 2095 1069 2168 filit
1088 2094 1249 2152 duodecimo
1269 2099 1327 2153 ιλιιι
1354 2104 1380 2151 et
1394 2093 1456 2152 Ser.

243 2189 364 2246 Cornelii
383 2189 548 2247 Dolabellae
568 2188 711 2246 consulatu
731 2188 770 2264 (a
783 2187 850 2264 86);
876 2187 952 2263 quod
979 2193 1125 2245 certamen
1146 2205 1210 2245 cum
1231 2197 1305 2248 teste
1319 2188 1456 2248 Suetonio

239 2283 374 2358 (Docta
389 2284 421 2358 4)
442 2282 655 2360 quinquennale
675 2287 765 2355 esset,
791 2281 908 2340 tertium
928 2281 1051 2339 lustrum
1079 2281 1119 2356 (v.
1134 2281 1179 2340 tit.
1200 2281 1265 2358 lat.)
1286 2303 1311 2341 a.
1326 2284 1364 2341 94
1384 2299 1456 2342 con-

239 2376 333 2436 ditum
357 2385 409 2436 est.
449 2376 484 2434 In
510 2375 564 2435 hoc
589 2375 749 2434 certamine
774 2376 850 2434 iuter
875 2375 1088 2453 quinquaginta
1111 2375 1184 2435 duos
1209 2381 1312 2453 poetas
1336 2395 1456 2454 graccos

241 2468 387 2548 Sulpicius
411 2470 585 2529 undenarius
611 2489 684 2547 puer
706 2488 775 2529 suos
795 2487 904 2540 versus,
925 2469 974 2546 qui
994 2488 1084 2546 snpra
1102 2470 1204 2547 scripti
1217 2479 1292 2541 sunt,
1312 2472 1456 2545 recitavit3

239 2583 297 2623 non
322 2564 432 2640 primas
458 2583 523 2621 eum
549 2562 654 2622 tulisse
679 2563 837 2623 rectissime
857 2562 975 2621 Heuaen
997 2562 1038 2639 (p.
1056 2563 1122 2640 104)
1148 2583 1184 2622 ex
1212 2566 1310 2625 verbis
1330 2584 1390 2625 οιιοι
1409 2569 1455 2628 λο-

239 2677 309 2716 nore
328 2659 451 2717 διἰσιιιίι
470 2657 625 2730 conclusit;
656 2658 745 2716 immo
770 2659 944 2716 ottocarum
969 2667 1084 2715 odotem
1108 2657 1236 2717 indicum
1256 2659 1385 2719 favorem
1406 2683 1456 2722 ex·

239 2752 393 2825 citaverat,
424 2751 528 2829 patris,
550 2751 676 2810 hominis
701 2752 813 2827 liberti,
843 2752 1061 2810 admirationem
1087 2752 1166 2827 quod
1187 2752 1323 2812 excitant
1341 2754 1456 2833 ingenio

240 2862 309 2919 suo,
334 2844 407 2903 nihil
429 2845 547 2904 mirum:
579 2864 633 2905 nos
654 2846 726 2904 scire
746 2846 828 2905 iuvat
847 2863 906 2906 non
927 2862 1028 2903 omnes
1049 2854 1117 2904 mne
1136 2864 1257 2924 gruem
1277 2847 1376 2908 Musas
1395 2858 1456 2908 tam

240 2938 344 2997 misere
363 2938 544 3000 balbutiisse.
559 2975 597 2985 -
611 2940 723 2999 Versus
742 2960 780 3000 ex
799 2951 928 3016 tempore
947 2939 1019 2999 dicti
1046 2934 1158 3018 (sciptor
1177 2941 1196 2999 i.
1216 2960 1241 2999 e.
1260 2930 1291 2999 τδ
1312 2941 1342 3000 ἐκ
1363 2949 1459 3019 καιροῦ

240 3021 400 3111 λεγλμενιν)
425 3033 543 3092 intimae
568 3043 653 3094 uotae
679 3041 748 3093 sunt
772 3036 851 3111 quod
876 3034 973 3093 nescio
994 3053 1030 3091 an
1051 3053 1136 3092 nemo
1156 3035 1261 3094 melius
1281 3038 1458 3111 persenserit

239 3145 329 3202 quam
349 3127 399 3201 qui
418 3128 641 3205 interpungendi
662 3149 768 3190 munus
789 3129 956 3205 susceperit.
984 3128 1064 3185 idem
1079 3136 1280 3206 argumentum
1295 3129 1371 3189 haud
1385 3151 1457 3192 sane

239 3239 329 3278 suave
361 3219 523 3280 Lucianum
559 3224 730 3282 tractavisse
764 3225 853 3300 (deor.
888 3224 957 3281 dial.
990 3220 1091 3297 XXV)
1128 3223 1281 3281 eunomus
1314 3224 1457 3301 Visconti,

239 3314 435 3390 tractavitque
466 3327 496 3374 ut
526 3337 581 3393 par
609 3326 655 3377 est
683 3318 786 3395 paullo
816 3315 929 3375 meiius.
981 3314 1133 3389 Quaedam
1163 3323 1260 3375 tamen
1275 3367 1277 3370 .
1295 3338 1342 3377 res
1379 3321 1456 3397 apud

239 3417 393 3484 utrumque
413 3410 454 3468 ita
474 3412 644 3486 concinunt,
671 3424 702 3470 ut
728 3431 793 3471 eum
813 3409 974 3468 Luciannm
995 3427 1013 3466 a
1033 3425 1124 3483 puero
1145 3410 1280 3469 didicisse
1299 3412 1456 3472 ridiculum

239 3503 279 3561 sit
297 3503 414 3574 creditu,
435 3505 554 3582 vulgare
573 3508 628 3565 hoc
648 3516 677 3565 et
696 3507 724 3563 iu
746 3507 893 3563 rhetorum
919 3501 1026 3560 scholis
1049 3502 1230 3562 decantatum
1255 3516 1457 3583 argumentum

238 3595 328 3655 fuisse
353 3608 465 3674 pateat3
487 3582 521 3660 ci.
545 3601 644 3661 Luci
670 3592 801 3680 μειρακίῳ
822 3588 925 3676 λνιῆτῳ
946 3588 1097 3664 πιστεύσας
1116 3587 1147 3655 ri
1169 3587 1247 3677 ιῖρμα
1267 3599 1332 3659 coll.
1348 3598 1455 3677 Salpia

238 3709 264 3749 v.
281 3692 365 3768 ὅσα,
386 3692 455 3753 Luc
477 3695 543 3754 ibid.
569 3686 615 3752 καλ
641 3683 711 3761 λλιος
739 3688 828 3762 rats,
854 3679 895 3749 dra
920 3688 949 3748 οὔ
977 3680 1143 3769 ξυνετάραξε
1163 3682 1209 3749 καλ
1230 3690 1348 3772 ξυνέχεε·
1369 3685 1415 3752 καλ
1436 3691 1458 3753 εἶ

239 3772 277 3861 μὴ
300 3774 370 3860 iqui,
395 3779 480 3862 ξυνεὶς
499 3777 530 3846 τδ
551 3776 716 3866 pomiferum,
742 3785 898 3863 κατέβαλον
923 3774 1006 3842 carlo
1031 3788 1071 3864 τῷ
1098 3788 1221 3864 κεραυνῷ
1246 3782 1307 3845 οὐδὲ
1328 3782 1457 3864 λείψανον

238 3873 389 3958 ιίνδρσλπων
413 3880 547 3960 ἐπέμεινεν
572 3871 604 3939 clv
630 3880 696 3938 coli.
723 3879 804 3956 Sulp.
833 3899 858 3938 v.
877 3882 907 3936 ll
937 3890 966 3937 et
982 3879 1016 3937 18
1023 3900 1031 3951 ;
1062 3880 1185 3956 deniqne
1205 3877 1307 3939 auus
1329 3881 1355 3950 ἐς
1376 3878 1405 3941 δὲ
1425 3873 1456 3941 ri

237 3960 333 4048 λσισδν,
358 3965 387 4048 ἤν
421 3998 447 4033 τι
472 3964 560 4054 ὅμοιον
586 3961 950 4053 παρανιμῆσης...αύτι’κα
976 3970 1031 4048 εἴση
1057 3960 1152 4031 δσδσσν
1178 3976 1229 4030 τοῦ
1257 3978 1308 4033 σοῦ
1333 3967 1414 4056 συρδς
1444 3974 1455 4036 δ

238 4056 364 4145 κεραυνὸς
390 4063 592 4146 melampo
619 4066 685 4124 coll.
713 4048 794 4144 Sulp.
816 4084 843 4125 v.
859 4069 897 4126 40
916 4085 980 4145 sqq.
1007 4047 1154 4141 Ovidium,
1175 4086 1261 4143 quem
1281 4087 1337 4128 nec
1357 4069 1457 4149 Sulpi·

238 4158 299 4216 cius
318 4159 461 4237 neglexit,
489 4162 604 4238 saepius
630 4161 761 4238 sequitur
780 4160 935 4224 Lucienus.
957 4195 994 4205 -
1016 4159 1137 4220 Numeri
1158 4161 1313 4221 admodum
1333 4164 1454 4239 celercs;

237 4251 345 4312 nullius
374 4273 473 4312 versus
503 4255 569 4331 pius
595 4255 652 4313 duo
678 4256 797 4332 spondei
825 4263 909 4331 sunt,
939 4256 990 4333 qui
1015 4262 1061 4315 ter
1085 4256 1115 4314 in
1142 4256 1267 4315 secundo
1294 4267 1458 4336 quartoque

239 4347 280 4420 (v.
295 4345 322 4404 1.
343 4346 369 4406 5.
398 4347 458 4424 11),
477 4347 524 4407 bis
543 4349 573 4406 in
593 4349 719 4409 secundo
739 4351 891 4428 tertioque,
912 4350 1002 4409 semel
1022 4350 1052 4409 in
1065 4349 1161 4428 primo
1175 4359 1346 4428 quartoque,
1367 4367 1458 4425 semel

238 4438 363 4516 denique
388 4439 418 4498 in
438 4441 534 4516 primo
553 4443 739 4523 secundoque
758 4446 831 4523 pede
850 4445 1049 4519 inveniuntur3
1070 4443 1203 4524 spondeis
1222 4455 1321 4508 carent
1340 4448 1470 4511 omnino*
