3270 5034
270 376 332 467 308
696 400 893 471 Epigrammata
909 399 1074 454 dedicatoria.

344 569 457 627 Extare
476 567 548 627 vidit
568 566 720 627 Kirchhcff
737 569 827 627 Anth.
847 566 882 629 P.
905 567 948 626 v1
970 568 1025 627 138
1045 568 1180 627 lemmate
1201 567 1300 626 addito
1319 569 1371 626 rori
1390 565 1487 627 αὐτοῦ

266 656 380 742 ὁμοίως,
406 661 484 738 quod
504 679 540 718 ex
565 662 724 739 superioris
744 662 881 721 carminis
901 663 1090 739 inscriptione
1116 653 1251 741 ἀνάθημα
1270 664 1312 741 τῷ
1326 651 1488 720 Ἀπόλλωνι

266 755 469 834 explicandum
500 760 552 812 eat.
601 755 677 815 Hinc
706 755 839 833 Apollini
869 756 1031 815 dedicatum
1060 756 1153 815 fuisse
1183 775 1242 815 non
1278 755 1372 832 magis
1406 766 1491 814 certo

265 848 417 909 concludas
442 867 530 923 quam
554 868 570 905 e
595 850 691 906 verbis
714 852 765 908 τοῦ
791 846 881 907 αὐτοῦ
907 851 1096 909 Anacreontis
1127 867 1190 908 ease
1220 868 1335 908 carmen
1365 849 1490 909 efficias

265 943 342 1003 Nam
367 961 433 1000 curn
457 942 667 1019 epigrammata
693 941 744 1000 illa
770 945 806 1003 A.
828 941 860 1000 P.
882 942 922 1001 Vl
947 944 1090 1002 134-145
1115 943 1201 1001 titulo
1225 946 1277 1001 rai
1302 940 1392 1001 edrai
1418 945 1438 1000 i.
1461 963 1488 1002 e.

266 1040 450 1097 Anacreontis
470 1035 609 1113 insignita
629 1046 779 1112 suspectae
799 1038 897 1095 omnia
917 1037 983 1094 111101
1004 1038 1072 1112 sint,
1093 1047 1154 1096 tum
1175 1037 1247 1095 illud
1267 1037 1361 1113 quode
1385 1038 1489 1115 agitur

266 1132 352 1192 evicit
370 1129 530 1189 Kirchhofl'
547 1145 608 1187 axx
626 1128 687 1187 fere
706 1129 791 1188 annis
811 1131 992 1190 Anacreonte
1017 1131 1137 1190 inferius
1164 1150 1237 1192 esse.
1258 1132 1332 1187 -l
1354 1131 1387 1209 μ’
1410 1123 1486 1210 idpv'-

268 1249 337 1287 00000
358 1235 387 1283 et
408 1223 425 1281 2
447 1209 601 1282 imdrcrd’
622 1223 683 1283 cod.
705 1221 767 1283 Pal

785 1338 974 1348 α-ῌ,

268 1487 363 1548 ⁸759.
392 1486 425 1545 ln
438 1483 536 1543 Piraei
549 1483 722 1561 paeninsula
732 1484 876 1543 Eetionia.
905 1483 1070 1546 Hirschfeld
1090 1487 1175 1544 Dior.
1189 1488 1266 1546 0νο1.
1284 1486 1358 1543 1873
1373 1505 1399 1562 p.
1419 1488 1486 1546 108.

422 1608 548 1675 litter
567 1603 683 1696 Ἑρμῆι
705 1600 839 1694 ἄγαλμα
859 1603 1105 1696 Ἑρμουτρυῐτου
1124 1606 1321 1697 Ἀβδηρίτης

505 1708 782 1796 ἔστηυεμπολλάς
803 1702 997 1795 θησάμενος
1019 1707 1159 1796 πόληας.

505 1802 649 1898 Εὔφρων
671 1807 840 1896 ἐξεποίησ’
863 1806 924 1904 οὐκ
948 1805 1054 1898 ἀδαὴς
1076 1802 1215 1895 Πάριος.

346 1949 364 2008 2
384 1939 487 2026 πόληας
506 1969 560 2028 pro
580 1940 676 2017 πέλας
701 1949 843 2026 scriptum
866 1948 964 2008 nescio
988 1954 1093 2026 poetae
1113 1966 1151 2006 an
1170 1946 1314 2024 lapicidae
1333 1948 1374 2008 sit
1392 1969 1487 2010 error.

272 2228 351 2290 780.
391 2230 517 2290 Athenis
537 2229 576 2290 ad
596 2229 799 2289 Erechtheum.
839 2228 994 2290 Eirchhoff
1011 2228 1077 2289 398.
1111 2311 1113 2315 Ι

396 2355 589 2442 Διογένη[ς]
612 2348 777 2440 ἀνέθηκεν
794 2343 996 2434 Ἀισυχῦλου
1018 2347 1076 2428 ihc
1099 2351 1335 2438 Κεφ[α]1ῆα[ς.

345 2493 392 2553 Sic
411 2491 527 2569 scripsit
545 2488 702 2550 Neubauer
722 2491 817 2551 Herm.
838 2489 867 2548 X
888 2489 943 2547 159
964 2507 1078 2548 versum
1098 2505 1162 2546 esec
1187 2496 1269 2546 ratus
1294 2495 1413 2564 propter
1433 2491 1486 2548 ad·

271 2589 363 2648 ditum
382 2585 444 2644 01011
463 2584 649 2655 vccabulum
668 2602 716 2643 res
734 2584 853 2658 minime
873 2588 958 2644 certa

269 2814 340 2874 781
381 2811 495 2888 Aegina
512 2811 542 2870 in
562 2810 664 2870 insula
705 2811 739 2873 0.
759 2811 782 2869 1.
803 2809 921 2871 313811.
961 2810 1058 2870 Lebas
1079 2809 1094 2868 l
1116 2812 1142 2870 6.

342 2927 407 3012 Ὃς
427 2927 496 3001 τόδ’
519 2925 638 3020 ἄγαλμ’
661 2927 817 3022 ἀνέθηκε,
846 2927 1078 3023 Φιλόστρατός
1099 2935 1165 3001 ἐστ’
1189 2928 1279 3017 ὄνυμ’
1302 2930 1416 3010 ndacii,

438 3035 543 3122 recepi
566 3035 604 3102 δὲ
624 3039 686 3101 τῶι
707 3029 808 3122 τήνου
831 3034 1027 3127 Δημοφόων
1049 3030 1165 3118 ὅνυμα.

420 3213 430 3226 .
520 3163 634 3209 nomen
655 3140 795 3225 artificis]
820 3137 971 3226 ἐποίησε.

271 3430 345 3493 183.
386 3433 421 3490 In
441 3442 523 3492 antro
539 3449 629 3511 prope
655 3429 726 3490 Vara¹
746 3431 826 3507 opud
843 3439 958 3487 00100001
978 3425 1484 3505 Amparpsam‚uoeser01²aneum

271 3529 386 3587 collocat
405 3526 515 3587 Strabo.
556 3524 673 3586 Boeckh
695 3523 857 3585 c.1.456.
897 3521 1055 3583 Kirchhott'
1071 3523 1137 3582 431.

468 3644 672 3735 Ἀρχέδημος
694 3643 712 3714 ὁ
740 3649 900 3735 Θηραῖος,
925 3642 942 3714 ὃ
965 3644 1205 3735 νυμφόληπτος

556 3750 722 3834 φραδαῖσι
745 3752 896 3834 Νυμφῶν
916 3743 1054 3836 τὸνυρον
1076 3738 1289 3834 ἕξηργᾶξατο.

347 3888 421 3949 Sunt
445 3888 543 3946 decem
569 3886 698 3945 eiusdem
721 3885 895 3945 Archedemi
916 3887 992 3945 tituli
1013 3886 1168 3957 breviores,
1197 3883 1337 3959 equibus
1363 3883 1484 3941 7100000-

273 4001 320 4039 001
342 3984 433 4057 faisse
461 3985 567 4055 eripiare
595 3981 738 4052 0110011000,
762 3990 828 4054 post
857 3984 941 4039 civem
970 3984 1082 4039 00010010
1104 3981 1217 4054 factam
1240 3987 1265 4034 ct
1292 3973 1485 4036 Chollidoram

266 4095 344 4152 μαςο
364 4076 545 4149 adscriptam.
585 4072 741 4134 Kirchhoff.
767 4106 805 4118 -
830 4073 921 4133 Tituli
946 4074 995 4132 alii
1021 4073 1120 4132 dorice
1144 4071 1193 4130 alii
1217 4071 1305 4129 attice
1330 4071 1431 4148 scripti
1455 4080 1486 4129 et

271 4169 387 4246 quidem
412 4167 516 4226 litteris
542 4166 592 4225 alii
624 4167 734 4239 atticis,
764 4166 814 4224 alii
844 4166 945 4228 ionicis
967 4169 1028 4229 sub.
1050 4168 1087 4225 ol.
1110 4167 1145 4224 87
1172 4165 1268 4224 iudice
1293 4162 1485 4239 Kirchhoifio,

270 4263 327 4322 nisi
348 4261 427 4340 quod
446 4261 508 4320 eius
528 4280 614 4338 quem
635 4278 725 4337 supra
745 4260 831 4338 posui
851 4268 924 4321 teste
943 4260 1102 4338 stephanio
1122 4259 1221 4337 paullo
1241 4257 1385 4316 recentior
1405 4256 1485 4315 vide-

270 4362 317 4417 tur
337 4366 418 4415 actas
438 4375 509 4416 esse.
