3262 4974
841 1565 907 1604 nequ
930 1557 953 1594 tn
972 1558 1028 1596 bono
1048 1559 1117 1606 roceto
1137 1558 1219 1597 acuam
1242 1561 1273 1596 ert

840 1623 926 1672 epicum
938 1633 1030 1672 aequom
1043 1634 1109 1675 aeque
1124 1625 1147 1663 ia
1160 1626 1220 1663 niatu
1233 1634 1276 1662 aon

840 1689 929 1739 aliquod
941 1691 1024 1730 borant

1242 1772 1317 1812 Varro.

214 1957 353 2051 Vestrae
373 1992 440 2051 fidei
462 2001 627 2069 vestroque,
656 1993 710 2050 viri
733 1993 845 2069 optimi,
870 1993 961 2052 amori
985 1993 1121 2068 quoniam
1140 1993 1216 2052 hunc
1240 1993 1348 2051 librum

132 2095 383 2155 conmendaturus
404 2113 466 2153 sum
491 2093 593 2173 paucis
619 2111 764 2169 exponere
789 2095 871 2153 decet
896 2094 994 2170 qualis
1020 2114 1106 2169 quem
1131 2101 1199 2153 ante
1224 2095 1277 2154 hos
1298 2115 1348 2154 sex

132 2218 227 2257 annos
257 2207 421 2255 nascentem
447 2197 561 2256 vidistis
586 2195 787 2272 singularique
811 2198 907 2256 studio
933 2196 1046 2254 fovistis
1077 2190 1140 2254 iam=
1164 2196 1282 2255 adultus
1312 2198 1350 2256 ad

132 2320 186 2358 vos
208 2299 318 2357 redeat

212 2402 433 2478 Epigrammata
452 2420 556 2478 graeca
583 2420 599 2458 e
623 2401 771 2477 lapidibus
796 2406 918 2476 excepta
944 2400 1050 2476 triplex
1071 2400 1126 2458 fuit
1148 2417 1254 2458 munus
1281 2419 1349 2458 con·

131 2503 244 2580 ligendi
265 2501 436 2561 emendandi
458 2503 627 2577 adnotandi,
648 2522 770 2579 quorum
791 2502 919 2579 primum
940 2520 1011 2562 sane
1030 2522 1088 2564 uon
1106 2522 1197 2578 aeque
1211 2503 1280 2562 mihi
1295 2502 1351 2562 tuit

133 2605 257 2664 difficile
278 2617 305 2663 ot
326 2604 491 2681 ambiguum
511 2624 598 2679 quam
619 2605 662 2663 eis
683 2588 731 2682 qui
751 2605 821 2663 olim
843 2605 966 2663 similem
987 2625 1047 2663 rem
1068 2605 1199 2682 adgressi
1219 2623 1275 2661 non
1290 2612 1350 2662 tam

134 2708 326 2784 conlegerunt
355 2707 566 2784 epigrammata
596 2725 683 2781 quam
713 2706 869 2784 elegerunt.
920 2707 993 2764 Mihi
1028 2727 1096 2766 vero
1126 2726 1191 2765 cum
1221 2706 1349 2764 omnium

133 2816 283 2887 quotquot
302 2829 338 2868 ex
359 2808 505 2885 lapidibus
526 2806 673 2884 descripta
692 2808 834 2868 habentur
855 2810 1092 2886 epigrammatum
1107 2828 1275 2885 graecorum
1289 2827 1348 2866 non

131 2913 251 2989 eclogen
282 2912 334 2970 sed
360 2909 493 2986 syllogen
520 2909 636 2986 plenam
665 2911 724 2968 fere
754 2921 783 2969 et
813 2910 975 2970 absolutam
1005 2930 1165 2988 proponere
1195 2910 1347 2969 consilium

132 3016 232 3086 fuerit,
254 3013 280 3070 si
301 3031 377 3088 quae
398 3012 601 3071 desiderantur
621 3030 655 3070 ea
675 3032 771 3072 errore
792 3014 935 3091 culpaque
954 3033 1019 3071 mea
1039 3013 1146 3072 omissa
1169 3013 1347 3089 putaveritis.

131 3115 273 3175 Consulto
293 3134 360 3173 vero
381 3114 465 3172 omisi
486 3130 551 3172 cum
572 3133 703 3191 eaquae
728 3117 802 3175 adeo
828 3116 933 3175 mutila
961 3124 1042 3174 eraut
1067 3121 1100 3173 ut
1125 3135 1161 3175 ne
1186 3115 1221 3174 de
1246 3124 1349 3174 natura

134 3216 254 3294 quidem
276 3214 356 3273 tituli
376 3216 478 3293 integri
498 3216 620 3275 iudicari
640 3228 740 3295 posset
760 3228 820 3277 tum
841 3237 876 3277 ea
896 3237 971 3294 quae
991 3238 1026 3277 ex
1047 3217 1195 3277 codicibds
1216 3199 1356 3276 antholoss

134 3320 228 3396 giisre
247 3319 343 3396 petita
362 3318 469 3377 iniuria
483 3318 665 3395 aliquamdiu
679 3321 755 3380 inter
768 3322 867 3380 titulos
881 3320 1055 3393 ferebantur,
1075 3319 1155 3378 uelut
1173 3320 1351 3396 epigramma

130 3419 256 3478 Hesiodi
277 3420 391 3497 tripodi
413 3421 592 3497 inscriptum,
613 3420 730 3482 Homeri
753 3422 923 3501 Sapphonis
945 3422 1086 3498 Diogenis
1107 3420 1236 3498 Oppiani
1256 3421 1349 3498 epita·

131 3523 213 3600 phia,
244 3522 368 3599 Pythiae
394 3523 517 3599 denique
543 3524 691 3582 oraculum
718 3525 764 3599 (Ο.
785 3526 814 3583 J.
843 3525 930 3601 1724)
955 3543 973 3580 a
993 3522 1115 3601 Cyriaco
1140 3542 1176 3580 ex
1200 3521 1349 3583 codicibus

137 3625 364 3701 transscriptum
390 3631 420 3682 et
444 3644 462 3682 a
486 3626 657 3685 Moroniano
683 3646 718 3686 ex
749 3627 787 3685 H.
812 3626 952 3704 Stephani
977 3621 1104 3685 editione
1134 3624 1349 3701 interpolatum,

134 3734 172 3785 ut
193 3734 307 3785 taceam
329 3726 365 3784 de
379 3727 498 3785 Aureoli
519 3728 605 3813 titulo
626 3729 770 3788 vilissimo
785 3727 832 3805 (G.
847 3729 876 3789 J.
891 3729 990 3805 6761),
1012 3746 1068 3805 quo
1087 3729 1204 3788 tandem
1217 3727 1351 3786 liberavit
1424 3728 1441 3755 ⁸

137 3847 192 3887 nos
219 3828 394 3888 Mommseni
426 3830 555 3905 prudens
586 3831 721 3891 iudicium
749 3831 850 3908 (Anat.
872 3836 958 3908 epigr.
980 3850 1009 3907 p.
1032 3830 1111 3907 255).
1152 3829 1233 3888 Haec
1262 3830 1350 3906 igitur

129 3951 194 3990 cum
217 3951 273 3989 non
300 3931 458 3989 uerendum
484 3931 523 3992 sit
550 3953 586 3993 ne
613 3954 671 4010 quo
696 3936 786 3994 invito
812 3934 1067 4011 praetermiserim,
1093 3932 1200 3990 rectius
1226 3931 1350 3990 fortasse

134 4033 201 4091 ideo
222 4014 393 4108 inculpabor
413 4035 493 4111 quod
514 4054 549 4094 ea
568 4055 626 4095 non
640 4038 735 4113 recepi
755 4056 830 4115 quae
844 4037 898 4096 etsi
912 4055 997 4095 nemo
1012 4034 1178 4094 recentioris
1192 4034 1350 4093 memoriae

129 4136 159 4192 in
184 4134 281 4209 lapide
300 4135 407 4194 uiderit
428 4147 526 4197 tamen
548 4158 614 4197 vere
635 4140 775 4218 inscripta
795 4141 884 4199 tuisse
905 4150 955 4197 aut
980 4137 1214 4197 luculentissimis
1239 4146 1350 4196 constet

129 4237 309 4297 testimoniis
330 4250 380 4297 aut
400 4242 563 4300 certissime
583 4241 776 4301 demonstrari
796 4243 902 4321 possit,
923 4240 1003 4299 velut
1024 4258 1099 4317 quae
1113 4240 1142 4297 in
1157 4239 1350 4317 Anthologiae
