3240 4964
815 354 943 410 addenda.

438 513 520 590 Οἶον
541 520 749 606 ἔμαιώοαντο
772 519 846 586 νέον
866 516 966 585 τόκον
985 515 1194 608 Εἰλείθυιαι

519 621 555 688 ἐκ
583 618 734 707 Φλεγύου
756 615 879 706 κοῦρης
905 615 1021 704 Φοίβην
1045 611 1256 702 ῦκειρεκόμη,

433 719 527 792 τοῖόν
547 748 611 798 τοι,
635 721 748 789 Παιὰν
765 715 958 808 Ἀσκληπιέ,
983 722 1055 784 σεῖο
1081 715 1219 801 Βόηθος

347 832 387 895 10
513 822 623 909 χειρὸς
644 815 764 908 ἄγαλμ’
788 817 921 907 ἀγαθῆς
941 817 1054 895 τεῦξεν
1075 814 1148 893 ἑαῖς
1170 815 1346 899 πραπίσιν.

435 926 503 1013 νηῷ
526 924 554 988 d’
577 923 611 988 ἐν
632 924 717 1009 τῷδε
741 916 888 1007 ζωάγρια
910 921 1016 1003 θῆκεν
1039 912 1190 1005 ὁρᾶσθαι

520 1012 666 1088 πολλάκι
688 1027 765 1100 σαῖς
785 1020 926 1103 βουλαῖς
947 1021 1066 1084 νοῦσον
1092 1015 1294 1099 ἀλευάμενος

436 1121 495 1200 σὸς
516 1118 689 1208 θεράπων,
712 1117 809 1211 εῦχῆς
831 1114 945 1205 ὀλίγην
967 1112 1070 1195 δόσιν,
1095 1107 1152 1183 οἷα
1173 1121 1307 1183 θεοῖσιν

520 1223 637 1306 ανδρες
658 1221 839 1308 ἐφημέριοι
859 1218 962 1284 τῶνδε
985 1220 1127 1304 φέρουσι
1149 1214 1254 1305 χάριν.

370 1377 394 1418 11
413 1379 443 1437 p.
464 1357 532 1417 chr.
552 1379 580 1416 n.
601 1358 716 1417 saeculo
736 1377 794 1415 non
814 1356 960 1431 antiquior
971 1356 1083 1415 titulus.
1103 1388 1141 1398 —
1160 1354 1317 1414 Dedicavit
1329 1351 1513 1413 Nicomedes

290 1454 421 1513 medicus
435 1450 464 1507 in
478 1450 578 1508 nescio
592 1469 650 1525 quo
664 1451 774 1527 templo
787 1449 954 1525 Aesculapii
966 1449 1087 1507 infantis
1105 1456 1242 1519 statuam,
1260 1466 1349 1524 qnam
1362 1446 1514 1506 Boethum

289 1544 391 1602 secisse
405 1541 683 1619 Carthaginiensem,
703 1544 839 1602 nobilem·
850 1543 978 1601 incertae
997 1541 1104 1600 aetatis
1124 1541 1264 1599 artificem
1282 1542 1345 1599 sive
1363 1541 1430 1616 ipse
1447 1559 1514 1600 cre·

290 1637 377 1695 debat
397 1636 457 1694 eive
480 1636 652 1711 persuadere
676 1638 767 1695 voluit
787 1635 964 1705 hominibus3
990 1653 1058 1691 nam
1084 1654 1151 1693 vero
1174 1635 1263 1693 fuisse
1283 1633 1389 1692 Boethi
1415 1642 1513 1693 artem

291 1747 378 1806 aegre
397 1728 561 1788 cediderim.
584 1764 617 1771 —
644 1731 655 1785 l
680 1747 795 1787 versum
819 1728 968 1787 horridum
988 1746 1007 1784 a
1032 1735 1119 1804 poeta
1142 1728 1352 1804 elegantissimo
1378 1736 1409 1784 et
1432 1728 1515 1802 peri·

289 1823 402 1881 tissimo
416 1821 456 1882 sic
475 1821 610 1898 scriptum
630 1839 694 1879 ease
712 1841 800 1899 nego;
821 1821 935 1898 scripsit
955 1820 1051 1896 potius
1072 1811 1164 1887 παιὸὄς
1185 1813 1336 1878 καλλίσταν
1353 1808 1407 1877 τᾶν
1422 1810 1516 1878 εἰκόνα

289 1905 371 1973 riade
395 1912 466 1974 θεοῖο
492 1914 538 1973 vel
567 1915 706 1974 similiter.
727 1948 763 1958 -
784 1915 802 1973 2
823 1904 927 1993 ματρλς
954 1910 1002 1972 ἀπ’
1028 1901 1170 1992 οἱρτιτῦκου
1191 1912 1226 1972 cf.
1248 1913 1311 1969 ν.7
1338 1910 1392 1970 νέον
1418 1900 1513 1972 το’κον.

295 2041 329 2050 -
352 2008 370 2065 5
390 2006 564 2081 diremptum
585 2028 621 2066 ex
642 2006 801 2067 Simonidis
828 2008 951 2066 aliorum
972 2007 1133 2065 imitatione
1154 2025 1258 2064 nomen
1278 2005 1406 2063 numeris
1428 2006 1516 2063 inha-

293 2099 352 2159 bile
370 2116 465 2176 neque
484 2104 517 2156 ut
534 2098 744 2175 Hephaestioni
763 2093 906 2174 ἒαΐληπτον
925 2100 992 2158 huie
1013 2106 1116 2176 poetae
1136 2099 1288 2158 videbatur
1307 2098 1387 2155 etin
1409 2100 1520 2174 primis

295 2192 389 2250 cultae
409 2191 482 2249 artis
504 2190 718 2265 documentum
739 2194 843 2252 vitavit
862 2200 960 2252 tamen
981 2211 1053 2251 sano
1073 2192 1179 2250 iudicio
1198 2191 1227 2248 in
1254 2190 1347 2248 altero
1369 2190 1520 2267 epigram-

294 2293 381 2343 mate.
421 2281 613 2342 Nicomedem
632 2286 683 2360 qui
703 2286 833 2347 lacobsio
852 2288 925 2346 duce
945 2288 1069 2346 eundem
1089 2303 1151 2343 esse
1173 2284 1340 2343 existimant
1352 2284 1437 2343 cuius
1452 2284 1521 2361 epi-

298 2377 430 2454 taphium
450 2395 538 2452 supra
557 2395 585 2435 n.
607 2379 664 2436 595
684 2381 775 2454 posui,
795 2379 836 2437 eis
856 2399 950 2455 neque
969 2399 1021 2438 cur
1040 2378 1214 2439 adsentiaris
1236 2396 1329 2452 neque
1355 2395 1408 2435 cur
1434 2379 1522 2438 oblo-

210 2478 212 2482 ’
297 2471 397 2549 quaris
416 2469 576 2546 quidquam
593 2474 647 2528 est
666 2504 705 2515 -
727 2474 762 2529 10
781 2460 867 2550 χειμλς
882 2470 991 2547 ἀγαθῆς
1001 2474 1161 2550 genetivus,
1176 2493 1211 2529 ne
1222 2471 1291 2547 quid
1302 2490 1368 2528 cum
1381 2471 1522 2535 lacobsio

298 2562 423 2635 fallaris,
444 2578 603 2638 suspensus
624 2562 662 2619 ab
683 2558 804 2644 ἄγαλμα
819 2568 927 2640 peritae
946 2585 1044 2624 οιοοαε
1059 2574 1267 2624 monumentum.

297 2838 356 2899 811
376 2857 401 2898 v.
427 2839 438 2893 l
462 2835 660 2894 Romanorum
687 2847 790 2911 ανραιο
809 2838 900 2897 Venus
924 2840 1118 2920 intellegenda
1141 2844 1256 2902 videtur
1275 2842 1525 2927 Wilamowitzio,

297 2933 431 3005 idemque
444 2948 470 2987 v.
486 2931 501 2986 7
519 2929 704 2988 Hadrianeae
714 2932 772 2989 arti
787 2933 987 3008 patrocinatus
1000 2952 1055 2991 non
1071 2946 1177 2995 temere
1193 2939 1359 3012 prudentem
1373 2940 1525 3005 Amorem

298 3023 441 3100 adpellari
461 3022 618 3093 existimat,
639 3023 689 3081 sed
708 3033 740 3081 ut
760 3020 771 3081 i
795 3013 913 3103 ου’ψρων
921 3017 1010 3104 Ἔρως
1025 3027 1144 3088 Veneris
1160 3029 1287 3087 Vraniae
1306 3049 1407 3092 comes
1429 3037 1475 3111 (v.
1492 3041 1526 3116 8)

298 3117 480 3194 significetur,
500 3115 566 3177 coll.
587 3116 658 3176 Eur.
679 3117 769 3193 Ipla'p.
791 3118 858 3175 Aul.
880 3118 936 3176 543
956 3136 1021 3196 sqq.

299 3343 401 3403 saca
441 3343 520 3404 raro
539 3344 569 3402 in
590 3345 696 3406 usus
737 3345 892 3424 Olympius
912 3347 1050 3406 κοιωι
1068 3345 1096 3405 v
1115 3344 1153 3404 ιο
1173 3366 1202 3405 n.
1224 3348 1250 3405 ι.

423 3468 546 3552 Βωμὸν
568 3464 801 3559 ὀορποφό[ρον
821 3474 909 3557 ταῖς]
935 3468 1130 3557 Νύμφαισιν
1150 3472 1184 3553 μ’
1208 3463 1390 3558 ἆνέθ[ηκεν

510 3617 518 3633 .
564 3617 572 3633 .
618 3617 626 3633 .
672 3619 681 3637 .
726 3572 908 3636 Ποντιανοῦ
930 3565 967 3636 ἔκ
988 3571 1017 3634 τ’
1039 3573 1134 3658 [αρα]
1159 3568 1361 3655 Μυρυινὲας.

377 3701 582 3785 Ῑδιριιοψοροις
605 3706 708 3766 editor,
730 3738 765 3750 —
787 3722 808 3763 Η
828 3700 897 3764 Νίκα
917 3709 1058 3765 Πακιανοῦ
1083 3705 1114 3764 ἐκ
1139 3707 1213 3782 τ[ἧς]
1233 3705 1389 3784 Momm
1417 3713 1529 3774 editor.

299 3797 368 3855 Fuit
387 3796 425 3854 ab
444 3797 529 3855 initio
548 3817 651 3857 nomen
672 3798 801 3858 mulieris
826 3799 905 3858 velut
925 3789 1042 3859 Ἤῶικα
1069 3787 1205 3875 (Ἕλικος
1232 3802 1261 3858 in
1286 3800 1374 3859 titulo
1400 3823 1529 3869 romano

300 3888 377 3965 apud
392 3888 556 3949 Wilmanns
575 3892 701 3968 Ευοοιμὶ.
724 3897 808 3951 νὀεον.
829 3894 876 3953 λοι.
899 3893 981 3968 535);
1002 3899 1063 3952 tum
1083 3904 1237 3970 parentum
1257 3894 1379 3953 nomina
1393 3895 1530 3976 Papiani

299 3981 392 4057 patris
412 3981 515 4040 matris
527 3981 696 4060 Myrsineae.¹
735 3985 920 4062 Praepositio
940 3985 971 4045 ἐκ
990 3987 1153 4063 postposita
1171 3977 1225 4046 tul
1243 3989 1331 4047 κοινοῦ
1344 3991 1425 4049 utin
1442 3993 1528 4055 Sim·

300 4074 375 4131 miae
395 4093 438 4151 ep.
459 4076 496 4132 A.
517 4075 550 4135 P.
579 4076 635 4135 Vll
659 4077 696 4135 22
719 4079 853 4138 Μουσέων
883 4070 999 4158 ἄμμιγα
1028 4077 1083 4139 ada
1108 4074 1241 4156 Χαρίτων.
1281 4080 1437 4144 Particula
1471 4082 1530 4168 ι’ίρα

300 4184 390 4243 quam
408 4165 516 4226 inserui
534 4168 644 4230 incerta
662 4180 714 4232 est
