3240 4980
627 485 629 487 Ι
692 399 800 456 indices.
1316 399 1379 464 083

112 568 228 626 Dianae
257 567 391 646 Scythiae
421 569 518 645 imago
551 569 593 641 abt
613 567 718 626 Oreste
808 567 947 642 scriptum
981 566 1012 623 in
1045 574 1166 623 matrem
1206 567 1377 625 translatum

151 661 286 718 Patmum
308 662 452 720 translata
471 662 564 734 8729.
808 660 903 733 6793.
924 693 962 702 -
982 660 1071 736 epigr.
1093 651 1230 738 ἰσόψηφον
1250 662 1315 719 806.

112 755 222 814 dictata
242 775 260 812 a
279 755 480 832 ludimagistro
504 757 585 815 1119.
769 745 910 833 innodius
931 753 1096 828 Aesculapii
1117 752 1213 827 802‚5.

113 848 291 907 didascaliae
311 848 376 907 928.
398 847 464 909 929.
771 848 966 923 epithetorum
981 847 1065 922 copia
1078 847 1107 905 in
1122 847 1298 905 carminibus
1312 846 1379 904 atti·

112 937 181 1015 Δίκη
218 961 339 1019 corpora
373 942 514 1002 κατέλυσε
543 943 657 1015 atara.
686 944 717 1001 in
808 941 849 999 eis
872 943 922 1000 151
937 942 1001 999 adn.
1029 943 1080 1000 169
1091 943 1156 999 adn.
1180 941 1272 1012 173,5.

151 1027 235 1107 Δίκης
282 1035 352 1093 iano
397 1036 546 1095 hominum
590 1038 719 1096 iustitiae
770 1035 915 1112 epizeuxis
935 1035 1027 1112 figura
1048 1034 1142 1107 462,9.
1167 1035 1262 1108 467,3.

151 1136 334 1204 operatorum
348 1139 459 1188 statum
472 1130 639 1189 conlocatae
652 1131 717 1189 905.
771 1147 861 1204 equus
882 1128 947 1188 625.

150 1223 216 1281 906.
238 1223 304 1282 909.
496 1225 502 1231 ’
769 1219 962 1296 Erythrarum
1002 1223 1082 1281 urbis
1123 1221 1257 1281 fabulosa
1295 1220 1377 1296 origo

111 1314 280 1393 diphthongi
306 1316 415 1375 ionicae
435 1339 468 1376 ao
489 1327 517 1376 et
537 1340 563 1376 ro
585 1317 679 1390 7742.
691 1319 717 1375 3.
808 1315 864 1373 904
877 1315 943 1374 adn.

111 1408 253 1468 distichon
275 1410 351 1468 idem
373 1411 418 1468 bis
431 1412 557 1488 positum
572 1413 602 1470 in
615 1413 718 1471 eodem
770 1408 907 1484 Europae
930 1416 961 1467 et
985 1409 1076 1467 Asiae
1106 1409 1270 1482 nominibus
1296 1408 1379 1484 inpe-

149 1503 299 1580 epitaphio
324 1504 419 1578 506,6.
434 1508 478 1564 11.
504 1506 629 1564 disticha
657 1506 718 1564 sin·
807 1501 882 1558 rium
932 1521 1084 1560 romanum
1136 1501 1379 1577 conprehenditur

148 1598 218 1673 gula
236 1599 279 1656 ita
298 1616 362 1656 sese
375 1597 525 1675 excipiunt
538 1608 569 1655 ul
583 1599 718 1674 proximo
769 1655 780 1665 ,
808 1595 903 1667 978,3.
924 1628 962 1640 —
982 1594 1019 1653 V.
1041 1613 1064 1655 s.
1086 1614 1112 1653 v.
1135 1594 1248 1655 Graeci.

152 1709 268 1766 quoque
289 1709 377 1748 unum
391 1691 511 1766 aliquod
525 1712 560 1749 ex
575 1690 718 1766 superiori

150 1782 320 1840 vocabulum
340 1790 489 1860 repetatur
509 1782 562 1843 261
577 1786 644 1843 adn.
769 1781 913 1840 Faustina
937 1782 1030 1840 maior
1054 1782 1144 1841 altera
1164 1783 1252 1841 Ceres
1276 1783 1378 1854 10166

110 1873 267 1932 diversium
289 1875 373 1949 935,3
385 1877 450 1935 adn.
807 1877 874 1935 adn.
1098 1949 1099 1952 η

110 1966 219 2024 donum
243 1967 369 2046 hospitis
392 1969 504 2043 11322.
528 1970 659 2030 mulieris
679 1973 716 2030 ad
769 1969 889 2027 floribus
929 1979 1065 2029 ornatum
1101 1969 1267 2046 sepulerum
1302 1970 1376 2044 73,1.

148 2060 270 2118 amicam
295 2063 376 2121 1130.
807 2063 894 2122 flores
933 2064 971 2122 ad
1017 2063 1180 2141 sepulcrum
1224 2054 1403 2122 nascantur

109 2151 207 2212 dorica
226 2154 321 2213 forma
340 2153 439 2234 ἀρεταῖς
459 2157 489 2214 in
509 2158 600 2235 epigr.
627 2159 716 2217 attico
807 2156 902 2230 569,6.
943 2158 980 2215 ab
1014 2159 1128 2216 ossibus
1161 2157 1251 2215 flores
1285 2159 1376 2231 191,7.

148 2249 223 2320 30,6.
243 2248 319 2322 69,1.
807 2251 901 2323 547,1.
923 2252 989 2310 548.

109 2341 304 2418 Dymaeorum
325 2343 361 2401 de
381 2344 463 2403 Eleis
483 2345 604 2404 victoria
623 2347 688 2405 790.
767 2343 861 2402 fontes
891 2345 969 2420 apud
999 2345 1109 2403 inferos
1140 2345 1197 2404 duo
1229 2336 1325 2419 Λήθης
1351 2356 1381 2403 et

798 2429 987 2516 -Mvapaamivnc
1008 2439 1092 2495 1037.

108 2551 123 2600 η
144 2546 197 2603 pro
218 2551 245 2587 ar
265 2539 294 2588 et
313 2539 415 2591 contra
435 2533 551 2609 saepius
571 2533 636 2592 372.
767 2530 872 2590 fratres
892 2539 950 2590 tres
970 2532 1166 2590 duodenorum
1186 2550 1337 2604 annorum,
1358 2551 1374 2588 e

108 2618 154 2678 ἐᾶν
173 2623 253 2679 verbi
273 2624 317 2684 vis
337 2625 445 2701 duplex
467 2629 578 2697 1111,4.
805 2625 910 2701 quibus
934 2624 991 2684 duo
1017 2625 1142 2684 eiusdem
1163 2625 1288 2683 nominis
1309 2625 1374 2683 732.

108 2709 161 2772 εἴτε
185 2715 213 2772 in
246 2717 309 2776 sola
338 2718 433 2778 altera
461 2721 602 2779 enuntiati
631 2731 716 2797 parte
765 2718 896 2777 futurum
918 2737 971 2795 pro
991 2719 1154 2794 inperativo
1173 2719 1287 2790 64610.
1309 2738 1374 2777 cum

146 2810 275 2884 positum
294 2812 390 2885 588,6.
805 2804 837 2870 ἰίν
866 2831 920 2889 pro
952 2813 1135 2872 coniunctivo
1164 2812 1221 2872 376
1245 2814 1297 2871 51
1323 2815 1372 2871 cl

107 2900 223 2959 eliditur
248 2903 310 2961 iota
334 2893 421 2965 tutta
442 2903 511 2986 ἔχων
536 2909 630 2982 6152.
657 2913 714 2989 περ’
804 2907 848 2964 dl
872 2905 926 2965 02·

146 2993 222 3069 ἐμεῖο
235 2995 330 3068 870,7.
343 2998 406 3056 iota
418 3000 511 3057 dativi
526 3005 597 3078 sing.
612 3002 714 3061 elisum

146 3094 300 3146 excusatur
311 3089 405 3161 772,1.
419 3091 479 3148 iota
492 3091 550 3153 dat.
561 3094 600 3169 pl.
612 3095 714 3154 elisum
765 3086 820 3172 γοίρ
841 3104 944 3171 quarto
963 3095 1025 3153 loco
1038 3097 1168 3174 positum
1182 3097 1258 3170 30‚4.
1278 3098 1374 3174 primo

147 3179 415 3254 818,14.1035,25.
805 3186 924 3245 alterius
962 3189 1137 3265 pentametri
1176 3191 1269 3266 partis
1309 3190 1374 3248 loeo

108 3272 254 3349 enallages
284 3277 389 3352 figura:
429 3269 487 3353 βίος
516 3298 570 3354 pro
599 3279 716 3339 homine
805 3278 898 3351 233,8.
931 3289 973 3338 ter
999 3281 1133 3357 deinceps
1158 3283 1283 3358 positum
1308 3283 1374 3356 226,

145 3367 240 3439 tata.
805 3373 832 3429 3.
844 3373 870 3430 5.
883 3372 909 3429 7.

108 3461 291 3537 epanalepsis
299 3462 393 3537 202,1.
407 3465 500 3538 3886.
512 3466 607 3539 5499.
619 3468 713 3540 570,7.
765 3487 798 3539 γε
818 3466 984 3543 pronomini
1003 3467 1230 3527 demonstrativo
1244 3470 1275 3528 in
1288 3470 1374 3528 titulo

146 3553 240 3625 828‚5.
277 3556 408 3628 102731.
448 3560 560 3632 1044,1.
604 3561 714 3635 10894.
805 3560 984 3618 dedicatorio
1005 3561 1134 3618 additum
1156 3562 1320 3636 tralatu.

149 3646 260 3719 1140,].
281 3650 360 3710 Add.
383 3652 519 3712 lateat.
765 3661 912 3731 geometra
932 3673 958 3712 v.
979 3663 1170 3713 astronomus.

107 3739 282 3814 epheborum
296 3744 440 3804 amicitiae
451 3754 637 3806 monumenta
648 3749 713 3807 957.
764 3746 910 3824 gladiator
927 3746 992 3805 290.
1007 3747 1113 3824 350sq.
1129 3748 1193 3806 529.
1209 3750 1276 3810 945.
1297 3750 1372 3808 Add.

146 3834 210 3893 958.
232 3835 298 3896 963.
804 3842 859 3899 333
867 3861 894 3900 a.
914 3860 1016 3900 scaeva
1030 3842 1108 3902 Add.
1124 3841 1180 3900 307
1186 3862 1212 3901 a.
1228 3853 1372 3902 certamen

107 3927 287 4003 epigramma
325 3931 486 4006 sepulcrale
524 3934 555 3992 in
593 3936 714 3994 vasculo
802 3934 1007 4012 gladiatorium
1027 3937 1122 4010 407,4.

146 4024 285 4099 scriptum
315 4026 396 4084 1134.
427 4026 508 4083 1135.
540 4060 575 4071 -
604 4048 648 4104 ep.
679 4030 714 4087 de
765 4026 893 4105 Gorgiae
905 4028 1029 4104 Delphis
1040 4036 1069 4087 et
1081 4029 1237 4107 Olympiae
1247 4031 1371 4092 honores

146 4116 247 4175 invene
258 4119 401 4195 scriptum
411 4118 441 4176 in
454 4121 604 4179 mulierem
618 4130 713 4182 trana-
803 4124 879 4182 Add.
901 4123 990 4182 8752.
1074 4129 1078 4137 '

145 4212 238 4271 latum
268 4213 336 4283 1693
366 4213 401 4269 de
430 4213 541 4290 virgine
571 4216 712 4292 seriptum
764 4217 926 4276 Gothorum
965 4218 994 4276 in
1029 4217 1182 4278 Graeciam
1222 4221 1371 4300 expeditio

146 4307 242 4369 iuveni
272 4305 433 4367 adhibitum
463 4307 534 4382 5213
565 4310 601 4369 de
630 4317 713 4386 patre
803 4312 881 4372 Add.
902 4312 1000 4377 troo.
