3270 4994
311 390 357 444 111.
384 395 523 461 poetarum
541 392 682 446 memoriae
702 392 785 446 facete
803 391 901 445 ludicre
919 393 1052 461 sapienter
1069 393 1138 447 dicta
1155 398 1204 446 cet.
1307 394 1369 459 509

156 567 280 637 angusto
300 558 409 617 circulo
430 559 539 634 scripta
558 565 634 632 sunt,
654 564 689 617 ut
707 560 733 618 si
754 567 830 619 recte
850 581 887 619 ex
906 559 1046 619 Boeckhii
1066 562 1227 620 coniectura
1245 561 1369 638 hospitis

156 674 261 714 nomen
282 653 383 713 addidi
403 655 459 712 hoc
477 654 507 710 in
528 653 619 713 altero
640 654 727 712 etiam
747 655 859 713 minore
876 654 982 713 circulo
1002 654 1140 731 scriptum
1160 654 1250 714 fuisse
1270 675 1367 714 neces·

156 767 188 808 ss
208 749 255 807 sit.

158 1025 247 1086 113³.
282 1026 436 1102 Amphora
454 1033 624 1100 caeretana,
649 1028 678 1086 in
698 1030 779 1089 cuiue
799 1029 894 1088 antico
919 1028 1009 1087 latere
1028 1028 1085 1086 duo
1104 1027 1161 1085 viri
1180 1027 1257 1085 circa
1275 1027 1369 1086 oleam

159 1141 195 1179 ex
216 1121 339 1178 adverso
361 1120 492 1178 sedentes
513 1122 644 1198 expressi
664 1134 739 1197 sunt,
760 1123 835 1181 alter
855 1142 891 1181 ex
911 1120 1053 1197 amphora
1072 1121 1207 1179 haustum
1227 1120 1321 1179 oleum
1340 1122 1370 1178 in

160 1213 308 1272 vasculum
328 1214 476 1271 inmittens
496 1213 645 1290 (dominus
665 1216 787 1293 oliveti),
808 1216 882 1275 alter
902 1216 946 1273 illi
973 1215 1101 1272 intentus
1125 1214 1258 1273 baculum
1282 1234 1371 1273 manu

159 1315 260 1367 tenens
271 1308 451 1383 (mercator),
465 1307 497 1364 in
502 1308 616 1382 postico
627 1309 721 1369 eidem
730 1311 870 1384 homines,
885 1310 1020 1368 dominus
1031 1309 1143 1382 sedens,
1156 1315 1300 1367 mercator
1311 1328 1370 1366 em·

156 1412 208 1481 pto
219 1403 283 1461 oleo
294 1402 331 1459 ad
348 1401 587 1479 proficiscendum
601 1410 732 1479 paratus.
764 1402 875 1462 Ritschl
885 1403 990 1462 Ausul.
1007 1403 1091 1460 Iastit.
1113 1402 1186 1461 1837
1197 1421 1225 1478 p.
1239 1402 1293 1460 183
1305 1420 1370 1479 sqq.

307 1553 336 1595 a.
374 1517 416 1586 Ὠ
439 1528 506 1591 Ζεῦ
529 1524 645 1611 πάτερ,
670 1523 751 1594 αἴθε
775 1526 936 1604 πλούσιος
958 1527 1138 1612 γιν[οι’μαν.

308 1713 338 1779 b.
383 1703 447 1798 ἤδη
469 1709 530 1793 μὲν
551 1702 616 1798 ἤδη
641 1711 754 1776 πλέον·
781 1705 870 1797 [ἆ]τι’
895 1701 960 1794 ἄρα
982 1710 1114 1793 βέβακε.

233 1847 333 1906 Verba
352 1858 419 1906 sunt
439 1847 595 1920 olivitoris‚
616 1848 667 1924 qui
687 1847 766 1923 quod
787 1856 853 1905 aute
873 1866 994 1906 messem
1015 1852 1150 1922 precatus
1171 1853 1272 1905 erato
1295 1848 1371 1924 Iupi-

159 1951 198 2016 ter
217 1945 323 2000 aunam
346 1945 420 2000 dioec
435 1943 506 2016 fiam
526 1960 620 2000 messe
639 1951 757 2018 peracta
777 1952 871 2000 ratum
891 1942 992 1999 videns
1012 1945 1078 2013 iarn,
1099 1940 1205 2015 inquit,
1219 1945 1274 1998 ιὀιο
1283 1942 1372 2016 plena

160 2036 248 2106 ἀοὶἰας
268 2046 358 2093 uotum
378 2039 463 2110 ipitur
483 2041 582 2095 exitam
601 2036 704 2093 habuit.
726 2068 762 2078 -
787 2037 799 2092 l
823 2035 918 2111 suppl.
939 2034 1058 2094 Ritschl.
1078 2066 1117 2077 —
1137 2032 1155 2090 9
1176 2034 1323 2111 supplevit
1343 2042 1373 2094 et

158 2128 316 2205 explicavit
334 2130 446 2207 optime
466 2131 617 2190 Hermann
637 2130 723 2187 Dior.
744 2130 793 2189 litt.
816 2133 904 2204 antiq.
927 2128 1000 2187 1837
1021 2147 1049 2204 p.
1065 2128 1130 2187 845.

157 2458 245 2521 1184.
292 2460 378 2537 Apud
408 2460 559 2520 Goliadem
585 2459 815 2537 promunturium
841 2467 987 2535 repertum
1011 2477 1063 2516 vas
1087 2458 1209 2536 grande,
1235 2459 1316 2516 cuius
1340 2458 1372 2516 in

157 2565 240 2630 parte
265 2555 414 2632 superiore
434 2555 561 2614 defuncti
581 2555 736 2631 prothesis,
761 2554 839 2613 infra
859 2553 962 2613 titulus
982 2558 1036 2611 est.
1076 2551 1175 2612 Conse
1195 2553 1301 2610 Annal.
1322 2553 1370 2609 lu-

158 2652 211 2705 etit.
236 2649 309 2706 1864
328 2668 357 2725 p.
373 2648 437 2708 183.
460 2648 524 2707 197.

237 2767 374 2860 Ἀιδρὸς
395 2766 649 2857 ἀποφθιμένοιο
674 2770 788 2860 κά[(ιη]
813 2770 973 2860 κα[λ]ιλ[ν]
996 2767 1118 2837 ἐνθάδε
1142 2773 1265 2854 κεῖμαι.

237 2908 286 2968 Sic
311 2910 367 2986 legi
392 2928 480 2986 posse
506 2910 613 2969 docent
636 2911 797 2970 litterarum
817 2911 939 2988 vestigia
964 2909 1063 2987 qualia
1089 2907 1185 2969 (lonae
1214 2908 1370 2983 expressit5

158 3008 188 3058 et
207 3002 311 3060 melius
331 3013 406 3060 certe
426 3005 469 3060 sic
488 3003 600 3079 legetur
620 3022 708 3078 quam
729 3023 794 3061 cum
813 3004 913 3064 Keilio
933 3009 994 3079 (ap.
1016 3001 1158 3063 Oonzium
1178 3004 1196 3062 l.
1216 3021 1237 3063 s.
1259 3001 1299 3078 s.)
1318 2992 1368 3080 ῥοί-

158 3110 204 3161 κος
224 3086 315 3152 κοκόι.
358 3094 494 3154 Ceterum
514 3096 650 3154 videntur
670 3097 782 3154 litterae
801 3114 820 3153 v
841 3096 887 3154 vel
906 3114 938 3154 1v
959 3096 1066 3156 saeculi
1086 3115 1158 3155 esse.

160 3420 247 3481 11³5.
279 3420 312 3480 ln
333 3421 452 3481 vasculo
472 3421 565 3481 musei
584 3419 776 3498 Neapolitani
796 3421 897 3496 cippus
917 3419 1019 3496 pictus,
1039 3419 1091 3494 qui
1110 3417 1254 3476 distichon
1273 3419 1368 3480 habet.

161 3515 239 3575 o.1.
260 3515 345 3574 8499.
385 3515 431 3575 (li.
451 3516 643 3594 Heydemann
673 3515 870 3575 Vaaenaamml.
892 3512 978 3573 2868.

267 3636 389 3706 Νώτωι
413 3640 498 3730 [μὲν]
520 3640 669 3729 μολόχην
691 3664 727 3705 το
749 3639 806 3705 καὶ
828 3633 1047 3725 ἆσφόδ[ε]λοι
1069 3633 1259 3722 πολύριζον,

355 3736 486 3807 etlinun
509 3743 536 3806 δ’
564 3738 752 3821 Οἰδιπόδαν
773 3737 889 3806 Aulon
912 3737 998 3828 [ιῆὸν
1019 3733 1091 3818 ἔχω.

240 3883 254 3940 1
270 3887 797 3961 uornrnonnxnussmmapoaonou
812 3886 995 3938 correxerunt
1008 3863 1149 3956 patim,
1170 3880 1201 3932 at
1213 3873 1249 3933 ei.
1263 3873 1369 3935 Athen.

159 3973 189 4036 ll
208 3997 237 4055 p.
252 3976 319 4035 oud
344 3975 370 4034 ἓν
397 3975 504 4044 πολλοῖς
525 3964 697 4055 ἀντιγριίῴοις
718 3965 793 4054 εὖροι
817 3977 869 4034 τοῦ
883 3963 1065 4052 Ἀντιφάνους
1085 3960 1190 4037 Μίνωος
1214 3959 1257 4026 clai
1283 3971 1335 4027 τοῦ
1359 3990 1371 4026 ο

159 4068 359 4150 γεγραμμένον·
380 4062 569 4147 τρώγοντες
589 4061 737 4147 μολόχης
758 4062 860 4147 ῥίζιον.
883 4100 917 4109 -
940 4066 1123 4125 iunioriont
1143 4063 1196 4122 ubi
1214 4069 1372 4139 antepaen·

161 4164 265 4222 ultima
284 4163 382 4222 littera
401 4162 562 4239 paullulum
583 4172 701 4219 curvata
720 4177 738 4216 r
758 4181 822 4220 esse
842 4162 961 4222 videtur.
981 4192 1019 4204 -
1041 4158 1232 4236 Epigramma
1250 4158 1280 4215 in
1299 4155 1370 4214 Ari-

160 4258 274 4317 stotelis
288 4257 380 4335 Peplo
400 4257 488 4316 luisse
506 4263 583 4315 reete
602 4254 700 4314 Franz
720 4275 757 4315 ex
776 4255 922 4314 Eustathii
949 4254 1047 4314 verbis
1066 4253 1191 4330 conlegit
1210 4254 1248 4312 ad
1272 4252 1368 4327 Odyaa.

161 4351 180 4413 λ
191 4370 221 4431 p.
238 4353 321 4428 1698,
333 4350 370 4410 85
391 4348 429 4422 οἷς
449 4346 526 4426 delusi
543 4344 593 4410 κοτ’
609 4373 635 4409 τι
655 4352 709 4409 τῶν
730 4338 803 4430 nepai
823 4351 866 4429 τῷ
878 4344 1025 4430 Πορφυρίῳ
1045 4337 1273 4427 ἐπιγραμμάτων,
1293 4343 1371 4419 λέγοι
