3270 4994
270 375 332 440 496
722 370 933 446 ,Epigrammata
952 376 1032 431 varia.

348 544 376 601 A
397 544 502 602 dextra
525 545 667 603 mensium
693 545 843 605 duodecim
869 547 932 606 dies
959 547 1123 623 adscriptos
1149 563 1213 606 esse
1242 545 1315 604 vidit
1341 544 1496 620 Chishull,

271 656 386 696 menses
407 638 477 695 anni
490 638 596 696 Asiani
616 659 634 697 a
654 636 734 699 <1524
745 637 822 714 Sept.
837 640 1000 716 incipientis
1016 617 1156 717 adgnovit
1170 639 1298 712 Boeclrh,
1317 639 1497 715 intellegens

270 730 357 789 simul
379 740 449 807 quot
469 732 593 807 quisque
613 732 757 790 mensium
777 732 839 791 dies
860 734 987 808 haberet,
1015 741 1059 792 tot
1080 734 1202 810 singulis
1223 733 1354 792 versibus
1374 733 1497 793 litteras

271 843 334 883 esse
341 846 350 897 3
373 825 450 884 idem
471 825 597 900 denique
617 826 677 884 eius
698 826 749 902 qui
769 837 828 884 tam
848 827 941 885 facete
961 827 1062 886 luserit
1081 847 1183 886 nomeu
1203 846 1240 886 ex
1260 846 1400 886 versuum
1414 828 1498 885 litte·

269 918 312 977 ris
337 918 497 978 initialibus
525 919 680 978 extricavit
699 918 835 989 Μένιππος
860 911 928 1000 culpe.
974 921 1189 981 Grammaticus
1214 921 1269 980 fuit
1297 922 1412 979 otiosus
1444 921 1499 997 qui

269 1013 385 1072 incultis
410 1014 576 1072 hominibus
600 1015 656 1072 hoc
680 1006 851 1092 μνψοόυνον
871 1003 1012 1094 ἡμερήσιον
1032 1036 1089 1075 non
1115 1015 1322 1074 nullolabore
1346 1015 1500 1092 prospici-

269 1108 377 1166 endum
397 1108 555 1183 putaverit,
576 1109 634 1168 fuit
652 1107 779 1166 insulsus
798 1119 828 1166 et
841 1109 993 1185 inperitus,
1014 1111 1141 1185 quicum
1158 1109 1240 1166 initio
1254 1110 1326 1168 satis
1339 1108 1500 1167 commode

269 1221 317 1261 res
344 1203 464 1260 cesserit
489 1208 594 1278 postea
618 1212 647 1260 et
672 1219 770 1259 morae
796 1211 825 1259 et
848 1201 958 1261 laboris
984 1204 1127 1280 inpatieus
1155 1209 1187 1261 ut
1216 1222 1277 1262 rem
1307 1221 1501 1280 quocumque

269 1295 359 1353 modo
385 1296 539 1370 perficeret
562 1304 590 1353 et
608 1295 803 1371 grammaticis
824 1301 855 1353 et
873 1297 1014 1370 metricis,
1044 1297 1168 1373 denique
1188 1297 1234 1355 rel
1255 1295 1501 1373 orthographicis

270 1389 381 1465 legibus
402 1391 511 1447 abusus
531 1389 578 1447 sit
599 1422 637 1433 -
660 1392 672 1447 l
696 1398 724 1447 et
738 1388 896 1461 llioeckh,
920 1391 954 1449 12
976 1391 1124 1451 Ghandler
1144 1391 1300 1468 supplevit
1312 1391 1380 1449 -3
1396 1404 1500 1447 leuiore

270 1469 383 1562 νόμιμον
402 1504 433 1540 τε
453 1473 568 1562 χᾶτερον
588 1483 651 1561 μῆν’
671 1477 715 1556 r'pl'
736 1473 909 1562 ἐπεμβόλους
929 1485 1061 1556 Bocclrh;
1088 1505 1140 1563 ego
1161 1485 1413 1560 Waddingtcnem
1435 1483 1502 1540 fere

270 1583 385 1635 secutus
406 1596 485 1649 sum,
514 1575 565 1651 qui
585 1576 638 1651 (ad
659 1575 751 1635 Lebas
771 1576 799 1633 V
820 1578 890 1653 514)
911 1577 988 1658 νέμον
1007 1579 1033 1637 τ’
1055 1574 1177 1657 ἑκοίτερον
1197 1580 1271 1658 μῆνα
1291 1569 1338 1635 ael
1359 1576 1404 1636 ε’π.
1427 1596 1503 1653 pro·

269 1671 376 1749 posuit.
416 1670 555 1747 intellego
576 1673 726 1747 drapoaeue
747 1681 772 1729 et
791 1690 892 1729 mures
911 1673 1040 1746 vulpares
1066 1665 1242 1753 (τριακάδος)
1272 1681 1298 1730 et
1324 1672 1386 1729 dier
1414 1671 1504 1727 addi·

271 1768 358 1824 licias.
378 1799 416 1811 -
437 1767 455 1822 4
475 1781 561 1822 ΛΝΑΝ
588 1763 752 1838 Chandler,
777 1782 841 1823 ΝΑΝ
868 1764 1008 1838 Sherard;
1036 1761 1066 1823 ‘lv'
1094 1766 1218 1825 Buechh
1246 1799 1284 1808 —
1312 1765 1330 1823 5
1359 1758 1506 1843 πορηοίοιν

270 1859 397 1937 simplici
423 1880 437 1940 p
466 1859 566 1917 littera
592 1858 745 1934 scriptum,
775 1865 809 1917 ut
833 1859 927 1917 iustus
952 1858 1112 1918 litterarum
1142 1879 1279 1919 numerus
1310 1858 1504 1935 expleretur3

269 1955 395 2031 ineptius
415 1953 475 2014 nd
496 1939 678 2032 οἱρνθνμῆοας.
698 1985 737 1996 -
757 1954 775 2011 8
795 1946 838 2011 ου’
853 1974 910 2032 μου
931 1946 1037 2034 προνοίᾳ
1058 1953 1178 2012 Boeclrh
1204 1954 1355 2030 explicans
1379 1962 1411 2008 tu
1432 1955 1506 2024 ium,

271 2049 365 2120 lector,
384 2066 443 2104 meo
459 2050 627 2122 provictia
645 2056 785 2121 posteram
805 2048 924 2104 racundo
946 2047 1006 2104 loco
1026 2052 1124 2105 nauta
1144 2048 1278 2105 intellectu
1292 2046 1418 2121 facilem
1432 2065 1505 2103 eua-

269 2160 329 2199 veru
347 2160 472 2215 vesum,
497 2159 572 2216 quae
598 2159 698 2198 vereor
722 2151 755 2198 ut
778 2140 879 2199 multis
907 2143 1079 2216 probaturus
1100 2140 1147 2199 sit.
1187 2140 1251 2199 Hoc
1277 2138 1416 2215 equidem
1445 2138 1507 2196 dici

269 2245 341 2312 pnto
363 2238 456 2294 dicavi
473 2236 537 2292 Iovi
555 2243 580 2291 et
600 2234 704 2290 Iunoni
723 2236 773 2291 loc
792 2238 847 2292 mei
865 2237 969 2310 ingenii
987 2245 1201 2306 mouumentum
1228 2244 1259 2291 at
1279 2234 1402 2289 aterum
1418 2243 1508 2307 poet-

269 2329 325 2386 bac
344 2330 497 2405 aliquando
520 2329 615 2385 dicare
630 2331 749 2402 possim,
768 2337 797 2385 lu
819 2337 924 2401 curato,
948 2327 1119 2400 Prudentia,
1143 2331 1218 2386 caitae
1244 2345 1336 2402 opera
1357 2327 1434 2383 haec
1458 2344 1508 2383 ex-

271 2427 397 2498 aequavi.
418 2456 456 2466 —
478 2423 510 2479 ll
535 2410 605 2490 Zals
623 2408 808 2500 Ῥεμβῆνοὸος
828 2421 952 2498 ignotus.
975 2456 1009 2465 -
1031 2421 1203 2498 Subscripta
1222 2420 1295 2497 legit
1317 2418 1451 2478 Boeckh
1474 2425 1510 2478 ut

271 2515 443 2592 significari,
474 2521 517 2595 οφ
537 2535 591 2592 pro
613 2521 656 2595 φοι
675 2516 800 2592 positum
821 2523 914 2589 ratus,
940 2533 1025 2591 quem
1050 2533 1156 2572 anuum
1183 2531 1214 2571 nr
1239 2514 1445 2589 repetendum
1469 2514 1509 2571 ab

271 2609 381 2684 epocha
400 2607 614 2668 Seleucidarum
635 2608 831 2669 Stratoniceae
851 2608 1033 2668 conditorum
1054 2625 1118 2666 esse
1138 2627 1164 2666 a.
1183 2626 1212 2684 p.
1236 2605 1309 2667 Chr.
1331 2626 1361 2664 n.
1383 2607 1453 2666 189.

271 2887 367 2948 1097.
408 2885 477 2945 Deli
501 2887 532 2946 in
557 2888 629 2950 basi.
677 2888 754 2950 0.1.
778 2893 822 2951 10.
850 2886 1018 2950 Melioribus
1039 2885 1148 2947 Stuarti
1173 2894 1201 2944 et
1221 2885 1344 2944 Lebasii
1372 2906 1511 2966 apogra-

271 2981 339 3058 phis
360 3000 430 3040 usus
450 2981 607 3041 Kirchhoff
624 2981 720 3044 Strul.²
739 3004 768 3061 p.
783 2986 829 3044 61.

407 3185 409 3189 Ι
472 3153 481 3171 .
506 3155 514 3170 .
539 3154 548 3170 .
573 3154 581 3171 .
606 3107 710 3174 λίθου
733 3104 802 3189 εἰμί
827 3100 966 3193 ἀνδριὰς
987 3104 1044 3170 καὶ
1065 3103 1102 3169 τὸ
1125 3101 1263 3190 σφέλας.

348 3243 479 3304 Litterae
488 3243 652 3322 olympiade
663 3244 783 3302 LXXV
794 3242 980 3320 antiquiores.
996 3274 1034 3284 -
1046 3239 1149 3300 Statua
1160 3239 1213 3295 fuit
1225 3241 1386 3316 Apollinis
1404 3245 1512 3305 colos.

181 3350 186 3363 '
273 3358 323 3398 sea
341 3338 476 3398 aNaxiis
496 3338 565 3397 olim
579 3338 647 3397 Deli
667 3339 817 3413 dedicata,
837 3343 940 3414 postea
952 3334 1044 3411 (Plut.
1067 3334 1134 3392 Nic.
1155 3351 1177 3391 c.
1199 3333 1232 3409 3)
1253 3334 1285 3391 vi
1305 3340 1513 3415 tempestatis

271 3452 388 3506 eversa3
422 3450 552 3492 eversam
576 3451 642 3490 curn
665 3435 865 3505 restituerent,
895 3430 1016 3487 alterum
1043 3428 1072 3485 in
1099 3443 1203 3485 averso
1228 3426 1323 3486 latere
1352 3432 1514 3511 scriptum

271 3528 387 3585 titulum
408 3527 543 3585 videntur
562 3525 712 3585 addidisse
731 3520 825 3602 Νοίξνοο
841 3515 1005 3583 Ἀπόλλωνι.
1026 3554 1064 3565 -
1078 3522 1127 3579 Ab
1146 3519 1230 3577 initio
1250 3526 1516 3601 apographorum

271 3639 412 3680 consensu
438 3621 609 3679 confirmata
639 3621 710 3677 haec
735 3619 869 3697 leguntur
894 3629 1100 3675 osrrromeo
1146 3613 1301 3673 Senarium
1328 3635 1401 3676 esse
1434 3621 1516 3680 bene

271 3723 423 3791 perspecto
442 3714 560 3790 scripsit
580 3712 704 3788 Bentley
723 3713 788 3789 τ]οῦ
810 3709 922 3773 slsvrod
941 3704 1030 3783 λίθου,
1051 3708 1128 3786 qnod
1141 3706 1209 3764 ferri
1229 3726 1288 3766 non
1310 3728 1406 3784 posse
1424 3716 1516 3789 (nam

272 3824 325 3865 nec
344 3795 489 3864 rlitterae
514 3807 594 3864 locus
622 3806 716 3864 estin
736 3805 846 3883 lapide,
873 3801 1014 3881 nequas
1033 3803 1147 3860 litterae
1170 3801 1201 3858 in
1226 3803 1432 3881 pronomine)
1461 3808 1516 3866 de·

271 3909 507 3957 monstraverunt
530 3906 560 3958 et
579 3899 717 3959 Welclrer
737 3899 821 3975 (Syll.
851 3898 919 3974 122)
944 3906 973 3954 et
991 3895 1149 3957 Kirchhoff
1170 3885 1192 3951 L'
1208 3912 1230 3952 a.
1250 3911 1275 3956 a.
1297 3917 1329 3973 p.
1346 3900 1398 3962 62.
1451 3906 1517 3964 Ve-

271 4011 337 4052 rum
356 3991 437 4049 latet
