3270 4994
426 365 429 375 l
493 411 513 465 Ι.
540 411 648 465 termini
665 410 783 465 aedificia
799 413 887 466 loutos
906 415 1010 480 postas.
1298 413 1361 480 469

141 581 295 640 inservisse
314 580 505 659 probabiliter
526 580 635 640 statuit.
649 614 684 624 —
696 580 732 639 37
749 573 888 656 σεληναίης
914 572 1015 650 κύκλος
1044 578 1166 659 [αἴγλης]
1191 581 1364 657 Salmasius,

142 675 231 749 αύηης
253 674 398 749 visconti,
428 676 564 750 idemque
584 694 611 732 v.
623 673 660 732 28
682 661 741 733 τότ’
761 675 883 746 iuvenit3
912 677 1038 735 traditur
1058 693 1141 736 nc..
1163 708 1199 720 ·-
1222 674 1258 734 39
1279 677 1364 736 lectio

142 773 265 841 ineerta3
287 779 416 827 extrema
436 770 477 827 sic
498 769 558 826 fere
572 787 671 827 omnes
684 768 815 846 legenmt
829 786 1089 831 ursussccrrsrss.
1120 771 1156 828 In
1169 771 1267 847 priore
1280 780 1365 848 parte

141 884 244 923 versus
264 870 333 941 post
352 882 457 921 nonam
479 863 539 920 fere
559 863 685 921 litteram
706 862 869 925 Salmasius
890 883 926 922 ex
948 863 1095 924 Sirmondi
1117 863 1287 942 apographo
1312 864 1363 923 ha·

140 960 202 1017 buit
214 976 265 1032 nr,
279 959 358 1035 quod
374 958 400 1016 si
413 957 600 1032 conposueris
615 975 680 1015 cum
695 957 858 1016 litterarum
872 959 1004 1035 vestigiis
1024 975 1062 1018 rc
1076 978 1151 1037 quae
1164 959 1298 1017 Visconti
1313 959 1363 1017 ad·
1437 954 1439 958 ⁸

139 1054 275 1130 gnorisse
287 1053 341 1111 sibi
353 1052 432 1110 risus
442 1057 496 1122 est,
517 1070 575 1110 non
585 1052 673 1110 modo
683 1057 807 1128 speciosa
817 1052 868 1111 sed
879 1071 970 1130 paene
983 1054 1143 1112 necessaria
1153 1053 1254 1112 evadit
1265 1071 1362 1111 emen-

140 1147 219 1206 datio
231 1138 374 1214 Αὐσονίας
384 1145 431 1202 vel
441 1138 590 1218 Adranios,
604 1145 684 1204 velut
697 1144 856 1206 Salmasius
872 1137 1016 1225 ον’μβολον
1029 1139 1198 1206 adnavisse
1210 1144 1363 1223 ἐν’γενέεττν

139 1228 254 1319 cepada,
275 1239 409 1299 Visconti
428 1231 517 1298 ΰνοίονν
530 1232 670 1298 Αὐσονίαν
690 1238 860 1315 εὐηγενέετον
880 1242 978 1317 ηεμῒα,
1000 1239 1103 1299 Iacobs
1118 1253 1170 1299 aut
1184 1239 1363 1300 salmasium

140 1333 224 1411 sequi
246 1333 347 1408 voluit,
368 1335 424 1392 nisi
446 1334 522 1410 quod
544 1334 570 1400 γ’
591 1322 695 1412 ἒραννέν
715 1333 841 1411 scripsit,
862 1341 914 1392 aut
933 1324 961 1402 ὃς
976 1329 1009 1392 δέ
1026 1357 1071 1393 κεν
1085 1326 1226 1402 Aduersus
1241 1331 1362 1408 εὐηγενέ-

141 1451 201 1489 ετοι
219 1420 354 1510 γεραττές
379 1428 563 1487 scribendum
589 1428 711 1504 putarit
750 1427 847 1486 Franz
872 1421 996 1505 denique
1020 1429 1099 1506 quod
1124 1429 1226 1506 posui3
1255 1427 1362 1509 γέρατα

141 1523 239 1583 nescio
258 1542 295 1581 an
317 1542 416 1581 verum
436 1522 482 1595 sit,
503 1522 539 1580 cf.
561 1522 653 1599 Orph.
675 1522 708 1582 fr.
726 1520 770 1579 VI
785 1521 821 1580 34
843 1509 892 1581 ὁλνό
912 1514 1029 1604 χουόενα
1048 1521 1163 1605 κέρατα.
1176 1556 1212 1567 -
1225 1524 1361 1600 30quae·

139 1618 225 1677 sitius
243 1617 317 1676 baec
336 1617 430 1691 dicta,
456 1635 543 1692 neque
564 1635 638 1689 eum,
662 1634 760 1690 spero,
787 1625 867 1674 muca
888 1617 1076 1677 calceamento
1097 1620 1148 1694 (cf.
1170 1617 1250 1679 Seru.
1278 1618 1360 1695 Verq·

139 1713 209 1770 Aen.
225 1712 304 1770 VIII
319 1713 396 1785 458)
418 1720 557 1785 respuent,
579 1712 657 1786 qaod
673 1729 729 1768 aon
750 1714 786 1767 sit
805 1710 960 1769 Romanus.
973 1745 1010 1755 -
1023 1712 1056 1769 31
1070 1728 1163 1771 resse
1174 1712 1260 1771 -33
1271 1712 1359 1772 Paus.

138 1805 153 1862 l
174 1806 250 1878 38‚3
271 1804 367 1886 Κῆρυξ
386 1795 414 1863 ὃν
434 1796 514 1864 αὐτοὶ
533 1795 656 1883 Κήρυκες
684 1792 824 1880 θνογατρδς
843 1802 980 1882 Κέκροπος
996 1792 1161 1885 Ἀγλανέρου
1190 1797 1236 1864 καὶ
1252 1803 1361 1887 Ἑρμοῦ

140 1894 225 1958 naida
247 1895 310 1958 εἶναι
330 1898 465 1974 λέγουσιν,
486 1896 549 1957 ἀλλ’
570 1895 620 1956 οὐκ
639 1885 803 1975 Εὔμολπον.
835 1896 898 1953 Alii
916 1896 1103 1958 Pandrosum
1125 1906 1248 1958 matrem
1267 1901 1359 1960 tradi·

141 1994 255 2064 derunt,
275 1992 350 2052 Poll.
372 1992 445 2051 VIII
470 1993 530 2049 103.
551 2024 589 2034 —
611 1990 647 2048 33
670 2006 766 2047 nurrx
784 2022 824 2033 -
845 1991 882 2048 34
903 1989 973 2050 baec
993 1992 1016 2050 si
1037 1992 1072 2050 de
1086 1992 1206 2051 Herode
1225 1995 1291 2071 ipso
1310 2013 1359 2053 ao·

138 2087 273 2164 cipienda
293 2093 377 2160 sunt,
406 2105 463 2144 non
483 2086 520 2144 de
540 2084 602 2142 filio
622 2084 730 2156 Attico,
751 2084 846 2143 lenius
867 2106 893 2146 v.
909 2086 947 2144 35
967 2095 1033 2162 post
1052 2080 1126 2164 libai
1145 2085 1309 2164 distingues
1330 2094 1359 2146 et

139 2183 182 2241 sic
201 2181 439 2257 interpretaberis
456 2189 606 2255 propterea
629 2180 669 2253 (et
687 2179 810 2254 Rornae)
831 2181 983 2237 λοαοταοαο
997 2181 1057 2253 sud
1083 2198 1267 2255 epoaymoque
1292 2200 1357 2239 coa-

138 2275 207 2332 aalis
227 2293 337 2332 munere
349 2275 534 2350 formabatur,
557 2290 615 2347 quo
634 2292 665 2330 rc
684 2277 714 2329 ia
730 2277 827 2348 prt'ma
847 2274 950 2331 domiai
968 2283 1079 2331 scamus
1093 2272 1198 2348 (Mart
1215 2272 1300 2346 XVI,
1323 2273 1353 2351 l)

138 2370 269 2427 subsellia
289 2378 395 2427 evectus
416 2378 463 2442 eat,
482 2387 569 2444 aeque
590 2369 670 2443 apud
691 2366 815 2426 Graecos
836 2371 982 2444 quamtum
1001 2376 1167 2442 carpenas
1187 2377 1236 2425 aut
1249 2370 1356 2442 sacua·

137 2465 186 2522 dio
205 2467 326 2541 repellor
344 2472 413 2523 οταν.
454 2462 587 2521 Herodes
607 2462 708 2521 consul
728 2464 841 2534 a1433
858 2453 997 2538 ‘Elidem
1015 2462 1147 2535 ηλαλτταν
1166 2451 1213 2520 καὶ
1234 2460 1356 2539 βασιλέα

137 2549 226 2632 λέγων
246 2559 341 2619 Rufus
361 2558 521 2635 discipulus
542 2576 607 2616 eum
627 2556 910 2634 praedicaverat-
931 2556 968 2614 36
983 2544 1047 2614 οὔτε
1067 2578 1093 2614 τι
1113 2541 1203 2634 φωνην
1222 2564 1255 2613 ut
1273 2574 1302 2615 v.
1316 2557 1355 2614 44

138 2643 200 2712 οὔτε
220 2677 247 2713 τι
267 2641 385 2732 ου’μβον.
407 2685 445 2695 -
466 2652 504 2710 38
524 2652 562 2709 ad
581 2650 726 2729 Regillum
747 2651 822 2709 redit
841 2651 949 2724 oratio,
975 2649 1010 2710 ef.
1031 2649 1066 2707 11.
1087 2648 1115 2706 V
1137 2649 1193 2708 339
1214 2636 1354 2727 sulpicia

136 2739 178 2806 αιῖ
194 2747 288 2808 τέκεθ’
312 2738 367 2805 viii
383 2732 547 2826 Ἐριχθέννον
572 2745 712 2823 βασιλῆα,
736 2745 794 2804 330
821 2747 904 2824 Τρῶα
930 2729 1136 2824 δ’·Ἐρνχθέννος
1160 2741 1255 2802 τέκετο
1276 2727 1353 2824 Tpol-

136 2862 209 2901 εττνν
229 2833 347 2900 οἴνακτα·
367 2829 458 2919 Τρωδς
479 2836 505 2899 ὃν
525 2831 566 2899 αὖ
582 2838 653 2919 τρεῖς
674 2834 767 2907 παῖδες
788 2830 931 2918 ἀμύμονες
951 2836 1099 2912 ἐξεγένοντο
1112 2824 1187 2907 Ἷλές
1205 2825 1354 2897 Maed-

135 2922 215 3013 ρακές
235 2956 267 2993 τε
287 2925 333 2993 καὶ
353 2927 474 3003 ἀντίθεος
493 2927 667 3014 Γανυμηὸλης,
688 2932 745 2993 339
762 2924 942 3012 Ἀττοίρακος
962 2927 991 2990 <ll
1010 2919 1110 2991 Κοίντιον
1135 2927 1264 3010 (ἔτεκεν),
1289 2928 1301 2990 ὃ
1329 2928 1354 2989 ‹l’

136 3015 178 3105 ἄρ’
194 3020 409 3106 Ἀγηέτηντένοε
435 3023 534 3100 παῖδα,
559 3017 650 3106 αὐτὰρ
677 3023 722 3106 ἔμ’
741 3021 880 3107 Ἀγχίσης
901 3032 971 3086 sunt
994 3026 1094 3084 omnia
1113 3028 1231 3086 Aeneae
1256 3027 1353 3088 verba.

136 3119 245 3195 Quidni
264 3120 584 3179 α111υαε11αωοιοτία
611 3120 751 3196 originem
776 3120 928 3198 repetierit
946 3118 1077 3178 Herodes
1101 3121 1203 3180 eodem
1223 3121 1352 3180 Homero

135 3213 208 3272 duce
234 3214 313 3289 (ibid.
334 3212 406 3288 315)
426 3202 566 3292 Δέρδανον
586 3205 627 3273 ad
646 3216 748 3293 πρῶτον
768 3212 863 3272 τέκετο
883 3212 1082 3291 νεφεληγερέτα
1102 3201 1181 3288 Zeis,
1201 3214 1280 3272 haud
1301 3216 1351 3272 ob-

135 3324 250 3364 scurum
270 3315 328 3379 est3
358 3307 452 3365 noluit
471 3308 547 3365 enim
568 3326 633 3366 cum
652 3306 726 3382 ipso
739 3307 905 3382 inperatore
924 3304 1103 3378 contendere,
1129 3306 1179 3383 qui
1200 3296 1244 3364 Διὶ
1271 3299 1352 3386 πατρὶ

135 3389 206 3481 φυὴν
225 3392 272 3458 καὶ
292 3404 373 3479 μῆτιν
399 3395 486 3460 ἔοικεν.
506 3433 545 3445 -
565 3403 603 3459 40
624 3395 632 3457 ἶ
651 3418 704 3476 pro
732 3394 754 3457 εἰ
780 3397 919 3473 scriptum
944 3397 1064 3468 retinui,
1098 3416 1277 3474 quamquam
1301 3400 1350 3457 vix

134 3495 251 3553 dubium
271 3504 314 3553 est
339 3495 411 3571 quin
437 3494 581 3572 lapidatio
601 3494 740 3552 debeatur
766 3500 795 3550 et
819 3490 875 3548 hoc
900 3496 930 3548 et
951 3485 1057 3550 τίοατα
1076 3512 1103 3551 ν.
1119 3492 1164 3549 75.
1186 3524 1222 3535 -
1243 3491 1350 3568 Aptius

135 3589 286 3649 videbatur
306 3585 328 3647 εἰ
348 3582 427 3668 φῦλον
448 3578 502 3667 ἱεροὶ
522 3585 600 3667 ῥέξαι
619 3587 807 3664 coniungere3
827 3585 1073 3660 interpunxeruut
1092 3590 1159 3662 post
1179 3580 1201 3641 εἰ
1214 3576 1350 3662 φιλον-

133 3682 171 3741 43
182 3699 295 3742 ειοετοι
315 3685 443 3757 correxi3
464 3681 568 3759 reliqui
589 3700 664 3758 quae
684 3682 870 3740 coniecerunt
889 3680 1005 3757 probari
1025 3683 1176 3755 nequeunt.
1189 3710 1224 3720 -
1237 3677 1273 3734 43
1285 3695 1350 3735 cae-

132 3796 201 3835 sura
221 3773 296 3836 κατοὶ
316 3777 446 3857 τέταρτον
465 3775 591 3856 τροχαῖον
616 3787 644 3835 et
669 3775 717 3833 hic
740 3786 769 3834 et
788 3795 815 3833 v.
830 3774 869 3832 45
894 3774 932 3832 ab
957 3772 1108 3850 anaphora
1131 3771 1348 3831 excusationem

133 3870 229 3930 babet.
240 3873 326 3931 -46
337 3890 401 3931 usu
422 3871 508 3949 lapis,
529 3866 561 3929 a
579 3870 677 3930 Herm.
696 3870 782 3946 Orph.
803 3890 831 3947 p.
847 3870 919 3942 7383
939 3868 1047 3927 errarit
1066 3866 1194 3944 lapicida
1212 3865 1348 3941 proximo

132 3983 217 4025 versu
237 3966 379 4041 inductus,
401 3969 489 4046 σῶμα
510 3965 647 4023 nimirum
668 3971 698 4022 et
716 3955 813 4044 ψυχήν
832 3965 908 4023 inter
928 3983 958 4023 se
979 3961 1086 4039 opponi
1106 3971 1198 4022 ratus.
1212 3993 1250 4003 -
1267 3962 1347 4039 σῆμα

131 4069 176 4118 est
190 4060 313 4136 Odeum,
334 4062 369 4122 cf.
385 4060 523 4120 Philostr.
543 4063 589 4119 uit.
611 4058 717 4116 Herod.
731 4078 761 4136 p.
776 4060 830 4118 551
853 4055 969 4133 ἀνέθηκε
989 4052 1018 4114 dl
1037 4046 1083 4113 nal
1103 4045 1134 4114 ri
1155 4046 1197 4114 ἐπὶ
1214 4045 1345 4146 Ῥηγίλλη

131 4153 247 4233 θέατρον
271 4154 336 4214 οοΠ.
364 4153 450 4214 Paua.
477 4154 535 4213 Vll
560 4153 606 4226 30,
619 4157 645 4210 6.
667 4184 701 4195 -
729 4153 767 4212 49
791 4153 855 4230 agri
879 4165 947 4212 sunt
971 4172 1007 4210 ex
1032 4149 1162 4227 Regillus
1186 4148 1347 4207 hereditate

131 4248 269 4326 adquisiti
289 4248 355 4308 coll.
377 4248 410 4309 O.
432 4250 454 4311 l.
475 4249 552 4309 6184
568 4242 663 4305 'Arria
679 4233 816 4320 Ῥήγιλλον
837 4292 845 4308 .
866 4291 874 4306 .
893 4290 901 4305 .
923 4242 990 4315 τίνος
1010 4247 1104 4304 ταῦτα
1129 4232 1167 4302 τὰ
1189 4232 1278 4321 χωρία
1297 4240 1344 4314 ’γέ-

130 4362 218 4415 γοναν.
229 4376 266 4388 -
278 4333 475 4417 ὁθέλανηεντες
496 4330 608 4423 ἄρουραι
627 4360 655 4402 v.
669 4340 706 4400 de
725 4341 780 4400 bac
797 4359 936 4419 genarum
955 4340 986 4400 in
1006 4336 1157 4401 adiectivis
1176 4332 1345 4396 confusione
