3270 5034
256 358 318 437 324
690 366 887 437 Epigrammata
904 360 1071 418 dedicatoria.

257 538 288 596 in
312 557 370 614 quo
390 536 549 596 Philoxeni
570 535 781 614 epigrammate
801 537 906 594 mirum
926 533 1075 610 estquod,
1096 552 1161 591 cum
1182 531 1346 594 Salmasius
1366 533 1476 610 Tlepo-

259 632 367 690 lemum
393 650 457 689 eum
484 632 542 689 dici
569 629 778 703 intellexisset,
802 631 852 707 qui
877 649 896 688 a
920 628 1070 687 Pausania
1096 627 1121 684 V
1143 627 1170 700 8,
1186 629 1218 685 ll
1241 627 1351 704 Lycius
1375 647 1482 706 genere

260 724 458 802 olympionice
477 725 655 798 nominatur,
680 743 764 783 nemo
797 724 967 783 foedissimo
994 722 1111 782 sublato
1133 722 1202 780 vitio
1222 721 1353 780 restituit
1371 720 1480 796 Τληπό-

258 820 343 899 λεμος
358 811 518 900 Λιμυρειι’ς.·

259 1097 358 1158 ‘wit
398 1095 525 1155 Athenis
545 1097 577 1156 in
597 1117 669 1159 arce
710 1098 827 1174 Epicu.
848 1096 936 1157 3723.

664 1250 810 1344 Ἀγαθῆι
835 1254 953 1341 [τύχηι.

466 1456 642 1523 Δέσποινα
664 1453 815 1534 Παλλάς,
838 1455 891 1521 τοὶ
916 1451 1010 1542 [ιόό’,
1031 1446 1053 1543 ᾗ
1078 1460 1192 1542 σοφῶν
1214 1456 1305 1537 μέλει

466 1553 629 1643 φρόνησις
650 1552 778 1642 ἀνδρῶν
799 1559 855 1622 καὶ
877 1553 1062 1646 Heliodorus
1083 1557 1189 1644 τέχνη,

465 1653 512 1742 oi]
538 1658 759 1740 καλλιιέχνεις
783 1654 893 1744 [ἔργον
916 1648 1034 1743 ἄνδρες
1056 1653 1214 1723 deusone,

341 1933 471 1991 Litterae
492 1931 633 1990 rotundae
652 1946 733 1989 εεω.
745 1965 783 2004 ··.
793 1930 973 1991 Sententiam
994 1931 1126 1990 indicans
1139 1929 1297 1988 Buecheler
1305 1931 1481 2006 praedicari,

264 2027 375 2106 inquit,
400 2027 501 2085 Pollae
521 2026 644 2098 videtur,
668 2015 689 2117 ᾗ
706 2013 829 2121 opisque
853 2025 941 2105 μέλει.
966 2059 1004 2071 -
1031 2027 1048 2083 3
1074 2027 1110 2084 ab
1136 2025 1218 2083 initio
1243 2042 1294 2083 sex
1319 2024 1482 2082 litterarum

265 2122 395 2200 spatium
415 2127 469 2194 est,
490 2120 569 2195 quod
590 2119 647 2176 nisi
667 2139 802 2179 numeros
822 2139 938 2196 pessum
959 2121 1029 2180 dare
1049 2119 1135 2178 malis
1155 2128 1204 2177 aut
1223 2119 1305 2177 casui
1326 2126 1376 2176 aut
1388 2119 1483 2175 errori

264 2216 382 2275 tribues.
402 2248 440 2258 -
461 2212 599 2272 Virorum
630 2215 750 2274 nomina
778 2232 844 2273 cum
876 2214 951 2293 lapia
982 2214 1092 2273 inferne
1121 2214 1229 2272 fractus
1254 2214 1294 2271 eit
1318 2211 1483 2289 subscripto

264 2309 355 2370 fuisse
374 2317 505 2388 possunt.

267 2612 343 2673 797.
384 2612 535 2690 Smyrnae.
575 2610 744 2672 Hirschfeld
766 2612 829 2672 Act.
850 2615 933 2673 acad.
954 2612 1051 2674 Berol.
1077 2616 1143 2671 κη’κ.
1165 2612 1239 2671 1875
1259 2632 1288 2689 p.
1302 2610 1330 2669 9.
1351 2608 1383 2670 Ο.
1406 2609 1482 2668 Cur·

265 2708 325 2767 tius
346 2707 445 2765 coedes
468 2705 542 2764 1876
562 2724 591 2781 p.
607 2706 671 2765 349.

418 2865 562 2951 Σ]ωτῆρ’
585 2857 776 2950 ἀνθρώπων
793 2859 1022 2953 ’Λσ[κληιιιόν,
1045 2861 1142 2952 ἔργον
1163 2856 1347 2948 (ineuntur,

505 2963 575 3053 oo]l
598 2967 719 3050 φρενὸς
742 2964 777 3042 ἐξ
798 2960 888 3052 ἰδίης
909 2963 1060 3052 γρά[μμα
1082 2964 1152 3031 τόδ’
1175 2959 1356 3051 εὑράμενος

420 3061 652 3151 Πλειστάρχου
673 3063 842 3149 Δοκιμιύς
859 3058 1110 3154 Ἀσκληπιάδης
1130 3060 1310 3152 ἄνι’[θηκεν

507 3168 611 3252 πατρὶ
632 3165 738 3245 τέκος,
763 3162 876 3233 Παιὰν
898 3163 942 3243 ὡς
964 3164 1165 3253 &afflicturos
1188 3158 1279 3245 ἅναξ.

290 3272 309 3336 5
424 3264 565 3356 ἱλήκοις,
590 3258 616 3332 ὦ
644 3271 761 3351 Φοῖβε,
785 3266 843 3335 σὺν
866 3259 941 3333 iale-
964 3270 1013 3355 τῷ
1036 3269 1064 3332 d‘
1086 3263 1213 3355 ὑγίειαν

503 3368 627 3456 colpe,
650 3363 810 3457 ὑμετέρην
831 3361 1071 3453 ὑμνολογοῦντι
1091 3367 1197 3455 χάριν.

216 3617 219 3623 .
344 3559 368 3601 11
388 3541 448 3601 iere
467 3541 583 3601 saeculi.
606 3573 643 3585 -
666 3545 678 3600 1
699 3540 866 3616 Ἀσκληπιόν
887 3537 981 3617 ἰητῆρα
1001 3539 1127 3607 Curtius,
1153 3538 1204 3615 qui
1224 3538 1281 3597 ui
1302 3541 1331 3597 in
1351 3539 1485 3615 pessimis

268 3635 458 3696 HirschieIdii
494 3635 702 3713 supplementis
735 3635 894 3712 adquievit
925 3666 963 3676 -
995 3634 1011 3689 3
1043 3633 1085 3691 sic
1119 3633 1269 3710 intellego:
1306 3633 1487 3708 Asclepiodee

270 3731 395 3805 Asclepii
419 3739 539 3787 etotucm
563 3734 652 3805 ipeiue
675 3728 796 3785 Paeonis
822 3731 898 3787 ιἰιιιν
922 3726 1032 3802 (nescio
1057 3728 1224 3806 Apollinem
1254 3727 1420 3804 intellegam
1448 3747 1485 3785 en

271 3821 454 3899 Asclepium)
476 3824 604 3898 Apollini
630 3823 747 3880 dedicat.
793 3820 873 3879 Nom
900 3823 989 3880 verba
1016 3814 1096 3901 πατρὶ
1121 3820 1197 3889 τέκος
1221 3822 1282 3878 nl
1301 3839 1370 3879 cave
1396 3821 1486 3878 inter·

270 3917 393 3989 preteris
419 3917 549 3993 Aeclcpio
579 3916 766 3991 Asclepiades.
813 3914 935 3973 Videtur
959 3926 1056 3974 eutem
1081 3936 1133 3992 per
1159 3915 1301 3973 somnium
1332 3914 1402 3971 deus
1431 3915 1487 3971 hoc

271 4008 399 4067 iussisse.
420 4043 457 4053 —
479 4012 550 4086 deq.
571 4011 699 4069 editores
721 4009 793 4066 nihil
812 4009 1028 4070 intellexerunt.
