3262 4974
668 391 803 461 praelatio.
1309 406 1346 454 lx

128 561 226 628 sciunt
256 561 306 635 qui
337 559 539 618 admirabilem
573 560 635 618 eius
668 560 829 617 doctrinam
859 563 1007 633 noverunt,
1040 559 1109 634 quid
1140 560 1262 620 voluerit
1291 583 1345 640 pro

129 664 246 741 egregia
266 664 328 721 eius
349 679 419 739 erga
438 680 484 719 me
505 663 658 721 voluntate
678 662 772 721 omnis
797 661 857 719 iere
882 661 989 738 pagina
1016 661 1146 722 clamitat
1164 686 1171 721 ε
1191 665 1234 721 illi
1258 666 1345 743 igitur

131 766 291 824 iucundum
312 770 358 822 est
377 765 464 822 etiam
487 765 598 841 publice
617 765 729 840 gratias
750 782 835 840 agere
855 762 1023 840 singulares.

212 868 278 945 lpse
303 868 425 943 denique
452 884 540 942 quam
566 866 787 924 adcuratissime
816 866 893 923 tituli
919 867 1007 923 rerba
1033 869 1224 926 transcribere
1248 872 1346 929 studui

132 991 168 1028 ue
196 970 425 1046 orthographicis
450 969 567 1045 quidem
593 969 704 1026 mendis
731 968 863 1039 sublatis,
893 968 953 1026 iota
972 977 1051 1025 muto
1072 970 1147 1044 quod
1169 972 1274 1030 dicitur
1294 974 1345 1032 ad-

133 1073 245 1148 scripto
266 1073 314 1129 ubi
336 1072 459 1130 traditur
479 1071 664 1146 adscriptum,
687 1071 850 1146 subscripto
875 1071 925 1127 ubi
950 1071 1090 1129 omissum
1115 1081 1159 1130 est
1183 1075 1212 1130 in
1238 1074 1344 1150 lapide.

134 1175 318 1233 Emendaudi
349 1175 463 1252 copiam
494 1175 536 1232 ita
562 1173 630 1230 mihi
657 1172 757 1248 paravi
781 1178 814 1229 ut
840 1173 936 1230 varias
960 1183 988 1230 et
1013 1172 1221 1248 lapidariorum
1248 1187 1276 1234 et
1295 1177 1344 1236 de·

132 1278 319 1334 scribentium
341 1277 454 1334 errandi
474 1295 578 1335 causas
599 1276 662 1350 ipse
682 1294 745 1333 cum
767 1276 796 1332 in
808 1274 933 1334 Graecia
948 1273 1090 1351 Italiaque
1110 1277 1179 1334 olim
1199 1278 1345 1340 biennium

134 1398 268 1437 versarer
288 1380 359 1438 satis
380 1389 515 1456 expertus
537 1378 584 1436 ubi
607 1378 669 1435 fieri
690 1378 784 1454 potuit
802 1377 955 1455 diligenter
968 1378 1128 1437 litterarum
1142 1379 1346 1438 similitudines

133 1483 267 1553 rimarer,
300 1482 349 1539 ubi
383 1502 419 1539 ex
453 1480 688 1558 apographorum
719 1480 815 1537 indole
845 1480 909 1537 fieri
940 1482 1079 1555 nequibat
1107 1481 1345 1559 epigrammatum

131 1603 216 1641 usum
236 1585 284 1641 diu
304 1585 488 1642 observatum
510 1601 659 1657 sequerer3
681 1601 738 1658 quc
758 1581 849 1640 fretus
870 1601 924 1640 usu
944 1583 1058 1660 saepius
1079 1584 1181 1641 mutila
1194 1584 1344 1642 restituere

129 1695 250 1744 conatus
270 1704 343 1755 sum,
365 1696 395 1742 ut
415 1686 554 1762 pristinae
580 1685 691 1742 formae
717 1684 871 1760 imaginem
898 1695 1146 1763 repraesentarem
1153 1707 1161 1755 ;
1193 1686 1270 1762 quod
1296 1688 1345 1762 qui

130 1788 269 1847 audacius
290 1789 396 1847 lactum
421 1787 569 1846 clamitent
592 1788 743 1863 ignoscant
768 1788 816 1845 ubi
843 1790 915 1846 bene
945 1788 1029 1847 cessit
1060 1808 1157 1864 opera,
1189 1789 1237 1846 ubi
1269 1789 1345 1848 male

130 1891 221 1948 cessit
241 1892 385 1968 corrigant
403 1891 470 1967 ipsi.

210 1991 344 2052 Ceterum
367 1995 476 2051 monito
503 1993 553 2050 rix
573 2010 647 2067 opus
673 2001 717 2048 est
741 2010 815 2066 quae
842 1994 879 2050 ab
912 1992 978 2050 aliis
1004 1994 1121 2050 inventa
1146 2004 1213 2051 sunt
1238 2013 1273 2052 ea
1299 1995 1346 2053 vel

127 2096 328 2153 minutissima
349 2096 385 2150 ad
406 2113 487 2151 suum
508 2097 639 2169 quaeque
660 2103 805 2151 auctorem
827 2114 873 2151 me
893 2095 1053 2165 rettulisse3
1085 2094 1135 2152 ubi
1163 2114 1268 2154 nomen
1289 2114 1344 2153 non

128 2197 248 2254 additur
268 2215 333 2255 meo
354 2197 447 2273 ipsius
468 2196 513 2271 agi
534 2195 663 2271 periculo
685 2195 795 2252 scitote.
825 2194 972 2253 Permulta
985 2196 1080 2253 minus
1095 2216 1180 2271 quarn
1197 2197 1344 2255 volueram

130 2300 284 2356 emendata
304 2310 332 2356 et
352 2299 496 2375 perpolita
517 2304 695 2369 manserunt,
716 2316 838 2372 quorum
859 2297 917 2353 alia
938 2297 992 2354 uisi
1014 2297 1096 2354 novis
1118 2298 1254 2356 adhibitis
1275 2318 1345 2374 apo·

130 2401 256 2477 graphis
276 2402 424 2459 emendari
445 2421 532 2477 posse
553 2400 715 2477 desperavi,
743 2399 802 2456 alia
823 2400 846 2456 si
868 2399 932 2474 quis
953 2399 1086 2475 sagacior
1105 2400 1217 2477 integro
1241 2401 1346 2458 iudicio

132 2524 194 2561 rem
219 2504 375 2580 adgressus
396 2503 450 2561 erit
470 2503 550 2560 facili
570 2503 691 2560 fortasse
711 2521 801 2577 opera
826 2503 1012 2560 sanabuntur.
1054 2503 1118 2579 Ego
1148 2503 1193 2561 cui
1223 2502 1272 2560 diu
1302 2503 1346 2559 in·

131 2606 218 2664 cubui
239 2607 373 2664 thesauro
395 2605 510 2665 taudem
531 2626 547 2663 e
567 2605 701 2662 manibus
721 2605 843 2663 dimitto.

210 2707 339 2767 Relicum
359 2719 404 2767 est
426 2718 456 2764 ut
475 2707 582 2766 addam
601 2727 676 2784 quae
696 2706 866 2765 additurum
887 2727 933 2765 me
953 2727 1042 2783 supra
1062 2708 1262 2784 promiseram.

133 2937 164 2994 2.
206 2938 338 2995 Artificis
368 2957 473 2995 nomen
508 2936 633 2996 restituit
661 2935 778 3012 Lolling
809 2936 936 2994 Mittieil.
967 2938 1014 2994 des
1045 2937 1184 3027 arc-lacot
1216 2938 1286 2993 laet.
1318 2941 1346 2992 ia

131 3042 219 3098 Athea
239 3040 254 3096 I
279 3041 331 3098 175
348 3037 485 3116 Ἀριστίων
506 3026 627 3115 Rhipaea.
669 3037 714 3097 cf.
736 3057 812 3113 quae
832 3049 974 3097 secuntur.

104 3258 111 3264 ·
131 3236 209 3293 Add.
229 3236 285 3295 4a.
328 3235 497 3313 Subscripta
517 3234 588 3292 vidit
609 3218 727 3310 Lolliug
741 3235 766 3292 il.
781 3253 802 3292 a.
817 3254 838 3293 s.
861 3233 945 3292 haec:

445 3347 451 3353 r
521 3377 934 3421 Ιν’ΠΟΝΞΙΑΡΙ.....ΟΛΙΞ

129 3504 264 3568 recteque
285 3493 354 3569 legit
370 3485 520 3570 'Athort'wv
536 3515 541 3548 :
557 3481 669 3567 [lapdon
686 3513 691 3546 :
706 3481 853 3568 ἐπ]ἆ[η]σε.

131 3670 236 3743 69,1.
295 3671 357 3747 lege
391 3664 430 3728 Ὢ
470 3674 514 3729 τάν
554 3669 625 3726 κτλ’.

67 3819 75 3823 .
130 3846 187 3919 88,
213 3851 236 3904 l.
279 3848 323 3908 Cl.
345 3818 504 3909 Democriti
527 3852 605 3926 apud
626 3847 704 3907 Stob.
731 3868 811 3906 serm.
830 3848 858 3903 V
879 3850 915 3906 ‘ll
941 3840 1047 3927 ἄριστον
1072 3840 1206 3927 ἀνθρώπῳ
1227 3837 1271 3906 τδν
1291 3843 1347 3925 βίον

129 3942 230 4024 didaco
251 3949 286 4018 ὥς
301 3949 425 4010 πλεῖστα
447 3950 643 4030 εὐθυμηθέντα
664 3943 710 4009 aal
731 3942 868 4030 &belgim
882 3950 1047 4024 λυπηθέντα.

127 4179 200 4238 149.
242 4179 361 4238 Litteris
396 4201 531 4239 versuum
559 4182 721 4240 initialibus
752 4202 856 4241 nomeu
883 4181 1072 4258 Sarapiouem
1104 4182 1243 4241 contineri
1275 4183 1347 4240 vidit

125 4281 247 4354 Nauck3
271 4283 320 4343 ubi
341 4285 487 4343 monuerit
507 4285 635 4344 iudicare
657 4303 731 4342 nunc
752 4306 808 4344 non
830 4304 915 4361 queo.
956 4285 1091 4362 lntellege
1114 4291 1240 4362 poetam.

641 4422 841 4434 uno——
