3262 4974
247 378 287 442 28
662 379 858 450 Epigrammata
876 381 1040 450 sepulcralia.

246 556 291 605 est
316 547 409 606 lectio.
450 535 562 629 τρίπους
588 571 675 628 ομιτς
702 591 734 606 ..
757 550 821 608 κοιλ.
843 550 964 612 cuman.
984 569 1107 609 ΑΜιΑΣ.
1134 553 1239 611 εκτλῖ
1261 573 1323 631 ego.
1365 554 1458 612 Moni-

246 642 352 700 festum
376 661 411 700 ex
433 643 588 720 participio
608 639 713 722 ἔχιυσα
732 665 759 705 v.
775 645 807 718 ⁴2,
833 647 988 704 secundam
1009 664 1161 723 personam
1183 665 1247 704 esee
1267 647 1388 705 formam
1407 670 1457 706 κα-

248 725 358 810 trimo,
389 738 465 796 unde
495 758 599 796 nomen
630 738 781 815 proprium
814 740 947 797 vocativo
976 759 1044 798 casu
1074 740 1199 816 positum
1229 759 1294 798 esse
1322 741 1459 816 sequitur.

247 829 311 888 Non
341 832 407 888 novi
439 831 572 907 equidem
591 822 697 890 ’Ἰασσκ
723 850 843 906 nomen,
873 843 904 890 at
929 835 1070 893 traditum
1094 834 1218 894 videtur.
1265 835 1393 894 Gravius
1418 845 1461 894 est

246 925 325 1000 quod
351 925 380 984 θ’
401 925 524 996 inserui3
549 927 666 985 videant
689 927 781 1004 periti.
805 961 842 970 —
862 929 879 984 4
900 928 1015 988 defendi
1035 929 1159 988 tortasse
1178 936 1274 1007 potest
1293 929 1368 1006 quod
1389 929 1459 987 olim

246 1018 356 1082 conieci
378 1011 413 1077 sd
431 1007 524 1094 ζώσαις
545 1018 670 1099 ἒμῲῦιμ..
691 1044 712 1079 ν.

753 1136 954 1146 —n-——

246 1194 299 1254 85.
340 1196 374 1255 Iu
396 1198 473 1258 urbe.
515 1197 636 1258 Cuman.
658 1201 743 1258 3500.

372 1343 476 1384 nomen
497 1328 648 1387 defunctae
671 1324 740 1414 καὶ]
764 1325 866 1413 μητρὶ
889 1324 990 1412 φίλης
1013 1327 1070 1391 καὶ
1093 1325 1196 1412 πατρὶ
1220 1329 1398 1414 [undecune

448 1424 585 1514 nepote
606 1424 730 1509 τύμβον
753 1421 833 1514 ὁρᾶν
855 1422 950 1492 τόνδε
973 1424 1166 1515 opipator,
1191 1426 1280 1511 φίλε.

373 1518 497 1614 ἤσκουν
518 1526 578 1610 μὲν
600 1527 638 1592 τὸ
661 1527 792 1593 δίκαιον
814 1523 1014 1616 ἐμεμνήμην
1036 1553 1071 1594 τε
1092 1528 1130 1592 τὸ
1155 1525 1265 1605 καλόν,

448 1625 482 1693 ἐν
499 1633 559 1693 τῶι
584 1631 612 1694 δ’
636 1627 807 1696 ἐκτελέσαι
831 1629 1009 1717 λείπομα[ι
1031 1624 1071 1695 ori
1095 1631 1136 1695 δι’
1161 1629 1231 1710 ἐμέ.

371 1734 475 1815 μοῖρα
497 1728 559 1818 γὰρ
583 1722 643 1795 oin
666 1726 763 1806 etto,
788 1725 921 1817 ἕστησμε
944 1731 981 1798 δὲ
1002 1730 1108 1819 τέρμα
1131 1727 1307 1798 κελεύβιοι·

449 1829 483 1896 ἐν
502 1829 669 1919 τριάκοντ’
693 1828 799 1897 ἔτεσιν
822 1827 1005 1920 κ[οἱτθανον
1028 1826 1211 1919 ὠκύμορος.

324 1969 472 2046 Supplevi,
498 1970 553 2029 nisi
575 1971 651 2046 quod
672 1968 857 2028 Cumanudee
876 1970 937 2029 ut
958 1960 1051 2039 netto&
1072 1980 1100 2029 ct
1119 1972 1179 2030 v.3
1200 1959 1359 2047 ἒμιμώμην
1379 1988 1461 2045 prae·

249 2063 310 2121 ivit.
333 2097 368 2106 —
391 2063 408 2121 ἳ
428 2085 486 2123 non
507 2083 594 2123 ausus
614 2084 679 2122 sum
699 2064 824 2123 scribere
845 2054 970 2143 πρόβαινε
992 2053 1070 2124 udde.
1085 2100 1122 2109 —
1137 2067 1154 2124 3
1169 2065 1265 2123 nescio
1280 2063 1330 2121 ubi
1342 2063 1461 2140 legerim

246 2175 361 2214 versum
382 2157 540 2219 Sotsdeum
561 2162 652 2238 μιμοῦ
671 2149 702 2218 ri
724 2149 807 2218 καλὲν
827 2151 874 2218 καὶ
890 2159 977 2239 μενεῖς
992 2159 1018 2219 ἐν
1034 2158 1138 2239 βροτοῖς
1158 2150 1274 2236 uiperae.
1289 2192 1324 2200 -
1340 2157 1358 2214 6
1372 2176 1459 2233 asyn-

245 2252 333 2311 deton
354 2255 426 2313 bene
445 2254 540 2313 habet

245 2430 300 2489 86.
352 2432 424 2492 Loci
454 2433 570 2505 incerti,
600 2432 651 2490 sed
681 2433 735 2489 suit
764 2434 840 2491 inter
868 2431 964 2510 Elgini
994 2450 1148 2490 marmora.
1175 2421 1331 2488 'Parianis
1359 2429 1462 2488 adiecit

245 2524 365 2583 Boeokh
391 2543 547 2603 propterea
566 2526 643 2602 quod
663 2524 781 2583 Pariani
802 2527 1021 2588 nominarentur
1039 2525 1208 2602 Diitrcphes
1228 2533 1257 2582 ct
1275 2523 1458 2600 Demophon.

245 2619 285 2674 At
315 2618 369 2676 hoc
399 2620 493 2695 ipsum
520 2626 566 2677 eet
588 2638 638 2676 cur
662 2618 819 2678 Parianum
844 2619 960 2678 titulum
986 2638 1048 2680 esse
1075 2639 1191 2696 negem,
1216 2627 1245 2676 et
1264 2631 1460 2695 exspectarem

244 2730 315 2769 sone
345 2711 436 2790 μοίρην
465 2731 521 2789 pro
551 2711 646 2791 μοῖραν
675 2714 741 2770 nd
767 2724 799 2772 ut
822 2714 853 2773 in
878 2715 948 2773 urbe
973 2735 992 2772 a
1015 2713 1138 2773 Milesiis
1163 2722 1191 2771 et
1215 2711 1309 2770 Pariis
1334 2710 1459 2768 condita.

246 2805 367 2863 Videtur
388 2815 478 2865 mater
498 2826 562 2864 cum
584 2806 652 2864 filiis
667 2807 797 2866 Athenas
818 2808 1050 2886 transmigrasse.
1073 2842 1107 2851 —
1123 2807 1156 2867 C.
1170 2807 1192 2867 1.
1215 2806 1298 2866 3648.
1331 2804 1458 2864 Comen.

245 2897 319 2956 2767
340 2919 399 2957 non
418 2901 571 2977 integrum.

396 3007 584 3096 Διιτρέφης
606 3010 738 3076 Ζωίλου
761 3010 934 3099 Παριηνὸς
956 3005 1173 3098 στρατιώτης.

396 3113 570 3197 Δημοφῶν
591 3110 829 3200 Μητροδώρου
850 3111 1023 3200 Παριηνὸς
1044 3107 1260 3198 στρατιώτης.

398 3247 524 3333 Μνῆμα
546 3245 629 3336 φίλη
649 3244 759 3337 μήτηρ
780 3272 823 3332 με
846 3245 1024 3333 Διιτρέφει
1046 3242 1160 3312 ἐνθάδ’
1184 3241 1307 3332 ἔθηκεν

447 3348 504 3414 καὶ
526 3351 688 3433 Περικλεῖ
709 3352 891 3435 φθιμένοιν
912 3346 1069 3437 Μητρίχη
1093 3343 1284 3433 αἷνόμορος·

392 3441 522 3536 Ἁγνὴις
544 3453 571 3514 τ’
595 3446 718 3517 ἐνθάδε
741 3447 774 3516 οὶ
796 3449 950 3538 depacto
973 3449 1031 3515 καὶ
1053 3444 1201 3535 ἀδελφὸς
1222 3441 1353 3527 ἔχουσιν

443 3556 566 3636 μοῖραν
589 3548 794 3638 Δημοφόων,
818 3555 877 3638 τῆς
898 3550 983 3633 μέτα
1006 3552 1090 3615 πᾶσι
1112 3552 1257 3637 βροτοῖς.

320 3687 351 3727 1v
372 3691 445 3731 saec
477 3687 500 3731 o
520 3691 574 3749 pro
594 3689 635 3732 οι
657 3675 806 3751 scriptum.
821 3708 858 3717 —
873 3650 1017 3732 Metriche'
1029 3680 1121 3730 mater
1141 3670 1313 3746 Diitrephcn
1334 3677 1363 3725 et
1376 3667 1458 3725 Peri·

244 3763 317 3821 clem
342 3783 358 3822 e
383 3765 482 3838 Zoilo,
508 3766 613 3826 deinde
639 3767 821 3844 Hsgneidem
846 3775 876 3824 et
899 3767 1132 3843 Demophontem
1159 3787 1175 3824 c
1200 3765 1367 3823 Metrodoro
1393 3760 1456 3820 viro

243 3867 419 3935 susceperat.
460 3862 594 3920 Alterum
619 3869 717 3922 tomen
741 3861 887 3919 distichon
910 3859 1035 3919 fortasse
1060 3866 1127 3937 post
1146 3859 1247 3917 matris
1268 3863 1389 3915 mortem
1411 3854 1456 3911 in-

243 3952 396 4028 sculptum.

747 4070 948 4082 ———-

243 4127 296 4188 87.
336 4129 417 4189 Vari.
458 4132 579 4194 Cuman.
600 4136 684 4194 3153.

371 4243 498 4328 Μνῆμα
521 4242 751 4331 Μνησαγόρας
773 4246 828 4308 καὶ
852 4239 1062 4329 Νικοχάροσς
1083 4239 1161 4306 τόδε
1184 4245 1302 4304 κεῖται·

369 4336 459 4409 αὐτώ
482 4345 510 4411 d'
527 4339 567 4409 cir
589 4346 792 4437 παραδεῖξαι
814 4338 971 4433 ἀφείλετο
996 4342 1154 4425 δαίμονος
1177 4333 1269 4420 αἶσα,
