3254 5048
227 365 287 430 374
644 362 842 431 Epigrammata
859 360 1025 414 dediaatorla.

227 534 266 592 ad
287 552 312 590 v.
330 535 354 589 l.
374 565 411 574 -
432 531 450 588 6
471 532 602 609 Pyrrhus
629 529 743 588 videtur
766 529 838 586 uiris
859 527 1021 604 Gortynius
1050 525 1157 600 fuisse,
1184 528 1307 587 sortasse
1332 531 1447 586 urbano

227 627 313 685 alicui
333 627 444 684 muneri
464 626 640 701 praefectum
671 624 808 683 similiter
828 623 861 680 P.
886 621 1057 698 Septimium
1080 624 1186 681 Gutum
1206 616 1309 700 ταμίαν
1330 616 1376 680 καὶ
1397 620 1447 680 ἄν·
1541 624 1543 627 ’

228 709 406 800 τιστριίτηγον
437 718 542 778 Cretae
575 727 604 778 et
634 720 762 797 Cyrenes
794 725 891 776 statua
929 718 1072 776 honorant
1111 709 1268 797 ἀρορανᾶμοι
1307 716 1445 795 Gortynii

227 814 260 875 0.
282 814 304 875 Ι.
326 813 411 875 2591.

227 1093 308 1154 906.
349 1093 489 1174 Gortyue.
528 1094 561 1154 (l.
583 1095 605 1154 Ι.
626 1093 712 1155 2592.

311 1241 435 1310 Εἱκόνα
458 1236 546 1333 τήνδ’
571 1239 718 1329 §suuper
745 1242 882 1309 πέλεται
907 1244 943 1309 δὲ
967 1247 1025 1307 τοῦ
1049 1239 1150 1327 ἁγνοῦ
1175 1238 1324 1328 ὑπάρχου

423 1345 458 1424 ές
481 1349 621 1432 Κρητῶν
644 1341 753 1429 πόλιν,
776 1335 816 1431 ἢν
838 1347 961 1422 μοῦνος
983 1339 1087 1430 ἔθηκε
1111 1343 1194 1428 νέήν

316 1438 498 1534 ἄγχίθυρος
521 1449 549 1510 δ’
574 1444 697 1532 ἕστηκα
721 1445 828 1531 Δι’κής
852 1446 967 1522 πέλας.
993 1442 1061 1526 εἰμὶ
1085 1442 1200 1531 κριτής
1223 1441 1287 1529 γάρ

425 1571 526 1632 ηπιος
547 1543 727 1622 teudinum,
751 1552 823 1622 τοῖς
845 1548 874 1611 (i'
898 1540 1052 1612 ἀδικοῦσι
1076 1546 1162 1622 δέος.

251 1654 271 1716 b
315 1649 416 1733 στῆσε
439 1647 475 1715 δέ
498 1646 718 1724 Καλλείνικος
740 1645 837 1734 ἒνήής
859 1643 999 1733 δόγματι
1023 1643 1135 1735 νήσου,

424 1747 521 1836 γαίης
538 1742 719 1835 Ἰλλυρίδος
742 1745 896 1834 δεύτερον
920 1743 1041 1834 ἠέλιον.

307 1910 424 1971 Titulus
449 1912 594 1989 superiori
618 1919 713 1971 aetate
739 1930 849 1988 suppar
873 1923 925 1972 est.
967 1910 1161 1971 Constantino
1181 1912 1367 1969 recentiorem
1393 1932 1447 1988 pu-

230 2014 272 2064 tat
297 2004 430 2080 Boeokh‚
463 2008 512 2083 qui
537 2006 611 2066 falso
634 1995 757 2085 ὕπαρχον
782 2007 821 2081 (v.
845 2008 874 2081 l)
898 2009 1073 2081 praesectum
1094 2009 1235 2079 praetorio
1261 2007 1373 2079 Illyrici
1397 2006 1446 2079 (ef.

230 2121 256 2160 v.
269 2101 300 2176 6)
326 2099 476 2178 intellegit.
517 2102 609 2160 Immo
633 2102 720 2159 bomo
748 2101 811 2173 ille,
842 2100 922 2158 ouius
947 2120 1050 2159 nomen
1081 2101 1110 2157 in
1141 2100 1199 2157 alia
1228 2108 1311 2176 parte
1341 2098 1449 2174 lapidis

229 2195 369 2270 scriptum
389 2195 452 2268 fuit,
473 2196 588 2255 natione
608 2195 726 2273 Illyrius
747 2193 864 2253 Cretum
884 2214 938 2271 pro
952 2195 1067 2253 consule
1081 2196 1211 2271 regebat;
1234 2182 1356 2272 ὕπαρχος
1371 2193 1448 2250 enim

230 2294 260 2346 et
278 2274 384 2357 ὕπατος
398 2295 429 2347 et
448 2278 540 2369 ἅρχων
560 2297 589 2347 et
611 2279 753 2368 αατρολπης
773 2299 801 2346 et
821 2277 932 2367 ήγομαέν
958 2289 1051 2364 poetis
1076 2289 1200 2365 aliisque
1226 2287 1367 2346 liberioris
1387 2305 1448 2344 ser·

228 2383 325 2442 monis
354 2384 544 2461 scriptoribus
569 2383 686 2460 saepius
706 2383 863 2459 proconsul
889 2392 1020 2454 vocatum
1050 2381 1084 2442 ci.
1105 2382 1345 2456 Becker-Marq.
1365 2378 1409 2437 111
1433 2383 1445 2438 l

229 2497 258 2555 p.
274 2476 330 2535 296
350 2479 418 2538 edu.
436 2477 480 2537 17.

231 2756 310 2819 νοτ.
352 2756 486 2833 Sinopae
527 2755 562 2816 ο.
583 2756 606 2816 1.
628 2757 704 2816 um
727 2763 757 2816 α
776 2758 853 2819 auu.
875 2758 919 2817 111
933 2732 969 2835 ’μ
986 2759 1068 2817 1111.

312 2900 358 2969 ‘0
381 2905 542 2993 κρατερὸς
565 2907 754 2988 Πολιοῦχος
776 2907 858 2986 αναξ
880 2905 1017 2996 ήγίρατο
1041 2905 1162 2995 ταύτην

426 3004 562 3090 νεύματι
584 3011 633 3096 τῷ
656 3009 809 3098 σφετέρῳ
831 3009 1044 3091 χαλκοτύπον
1067 3005 1240 3089 παλάμαις

318 3107 442 3198 στήλην
463 3103 656 3188 Εὖλαλίοιο,
679 3108 738 3177 τὸν
760 3102 798 3177 εὖ
819 3110 980 3200 ἐνοήσατο
1005 3110 1131 3193 θεσμός

427 3208 631 3295 πειθόμενον
654 3208 839 3301 σκήπτροις
862 3209 934 3280 αἰὲν
956 3207 1166 3300 ἀκηρασίοις.

252 3316 274 3382 ὃ
317 3309 435 3400 ὀέρκεό
458 3338 527 3400 μοι,
550 3313 661 3401 φίλος,
685 3303 751 3381 ὧδε
773 3314 919 3404 νοήμονα
941 3314 1080 3380 τέκτονα
1101 3312 1226 3394 χαλκοῦ

423 3409 613 3500 Ἡφαίστου
636 3415 741 3504 σοφίῃ
764 3418 860 3499 σῶμα
881 3410 1121 3503 μιμησάμενον.

309 3598 341 3639 1v
361 3581 420 3639 fere
440 3581 557 3641 saeculi.
582 3613 621 3625 -
648 3584 661 3639 l
684 3598 785 3639 versus
810 3579 962 3638 exordium
981 3578 1075 3637 simile
1101 3576 1225 3636 Theoer.
1248 3576 1304 3635 Vll
1327 3574 1381 3633 152
1403 3565 1448 3634 τὸν

233 3664 360 3755 κρατεριλν
380 3674 568 3754 Πολύῲαμον,
588 3682 622 3735 Α.
637 3676 673 3734 Ρ.
694 3673 769 3732 XVI
789 3675 827 3734 66
846 3665 893 3731 riv
917 3662 1043 3753 κρατερήν
1057 3660 1203 3744 Bizana,
1224 3671 1293 3730 ibid.
1313 3668 1371 3728 vil
1391 3669 1449 3728 578

233 3758 278 3826 riv
297 3756 423 3846 κρατερλν
443 3772 585 3844 Πανοπῆα,
611 3788 734 3845 quorum
760 3789 797 3827 ex
821 3785 960 3827 consensu
985 3768 1103 3826 minime
1131 3765 1281 3844 probabile
1313 3765 1359 3836 fit,
1389 3783 1448 3821 non

232 3862 385 3939 proprium
404 3880 506 3920 nomeu
527 3883 591 3922 esse
610 3864 770 3941 Πολιοῦχον,
791 3862 842 3920 sed
863 3853 1009 3940 πολιούχου
1030 3862 1049 3921 1.
1071 3882 1094 3919 e.
1121 3864 1257 3919 curatoris
1283 3862 1359 3919 urbis
1385 3877 1449 3916 mu·

233 3973 289 4014 nus
308 3954 473 4031 significari.
496 3989 534 4000 -
555 3957 571 4014 3
593 3948 699 4036 serpat
713 3956 869 4015 Welokero
889 3956 978 4031 (Mus.
1000 3957 1051 4017 lib.
1072 3956 1117 4016 ΙΙΙ
1138 3955 1194 4013 272
1205 3973 1267 4031 sqq.
1289 3976 1317 4013 11.
1332 3955 1383 4030 51)
1403 3963 1450 4013 est

233 4049 297 4126 ipse
321 4049 482 4125 inperator3
512 4069 569 4109 uon
599 4051 691 4110 oredo.
737 4050 912 4123 Poliuehus,
941 4051 1067 4110 fortasse
1097 4050 1258 4110 consularis
1281 4048 1450 4127 provinciae

234 4143 430 4220 Helenoponti
449 4143 598 4202 Eulalium
623 4154 720 4204 statua
742 4146 881 4218 honorat,
906 4165 992 4222 quem
1019 4147 1082 4222 ipse
1106 4145 1184 4222 leges
1210 4153 1240 4204 et
1264 4143 1370 4202 iudicia
1396 4144 1449 4201 sd-

233 4237 402 4297 miniatrans
427 4257 479 4297 suo
500 4239 621 4315 imperio
645 4241 850 4318 obsequentem
881 4242 1022 4318 coguovit
1048 4274 1085 4283 -
1111 4241 1128 4297 6
1150 4236 1360 4318 εοῲιιιεαωιοιι
1385 4256 1449 4295 oor-

234 4331 297 4391 rexi
321 4331 390 4392 lieet
411 4332 504 4393 tribus
533 4334 707 4412 apographis
738 4335 948 4396 confirmatum.
1036 4333 1172 4394 Ceterum
1185 4324 1189 4331 ’
1202 4355 1238 4394 ex
1267 4333 1450 4409 Xanthopuli
