3270 4994
699 441 746 500 VI.
773 439 875 512 hymni.
944 468 952 478 κ
1334 447 1395 512 435

251 610 387 671 Exeunte
412 611 528 671 saeculo
553 629 578 671 11
602 612 648 671 vel
672 613 788 671 ineunte
812 629 846 670 111
876 612 991 672 titulum
1022 614 1196 690 insculptum
1225 634 1289 675 esse
1321 616 1396 674 vidit

174 704 303 778 Boeclrh,
325 724 382 782 quo
403 706 519 784 quidem
539 713 670 784 tempore
690 725 776 766 sacra
795 705 968 784 Telesphori
988 707 1025 766 ed
1051 707 1226 784 placandam
1260 710 1396 787 pestilen-

173 800 244 858 tiam
264 802 397 859 Athenas
417 800 559 858 translata
585 807 690 861 essent.
732 799 821 859 Cuius
846 802 888 859 rei
914 804 986 862 setis
1011 804 1197 862 memorabile
1222 813 1310 879 atque
1336 823 1396 863 cer·

173 902 234 953 tum
254 901 288 953 ut
307 894 423 954 videtur
442 893 640 952 testimouium
666 895 808 971 suggessit
832 895 907 953 mihi
928 895 1081 956 Neubauer
1105 918 1142 957 ex
1168 899 1279 957 duobus
1305 898 1396 956 titulis

172 990 269 1049 atticis
294 989 418 1064 (Philist.
440 987 562 1046 111549
587 995 617 1047 et
639 988 755 1064 Ephem.
784 988 874 1065 3204)
901 991 1002 1049 eodem
1027 990 1081 1051 illo
1109 998 1240 1069 tempore
1268 992 1395 1067 scriptis,

172 1084 277 1161 quibus
296 1083 402 1160 ephebi
420 1101 501 1141 more
526 1100 579 1140 suo
599 1081 730 1159 publicas
750 1101 798 1141 res
817 1081 927 1141 imitati
948 1084 1121 1164 Τελεσῲορον
1136 1083 1319 1160 Ἀσκληπιοῦ,
1343 1084 1396 1145 νέον

172 1169 234 1238 θείν
258 1176 390 1237 sodalicii
425 1176 469 1235 sui
500 1175 663 1252 principem
692 1182 842 1255 receptum
870 1177 1007 1237 referunt.
1051 1179 1172 1238 Accedit
1202 1179 1249 1238 his
1279 1180 1395 1238 hermae

174 1271 273 1331 mutili
295 1270 490 1349 fragmentum
510 1270 660 1344 ineditum,
681 1271 761 1330 cuius
780 1273 870 1330 verba

533 1393 764 1512 pretermisimus
776 1398 799 1477 1.
811 1405 980 1480 ενιιεφονιιι

172 1527 245 1587 bene
274 1526 482 1605 interpretatus
514 1524 675 1586 Ncubauer
695 1570 703 1587 .
724 1571 761 1588 ..
789 1571 796 1586 .
828 1519 925 1610 ιθνρείορ
955 1519 1002 1589 καί
1032 1529 1128 1610 κλιντιξῑ
1158 1515 1325 1610 Τελεσφίριρ
1355 1528 1394 1589 ud

170 1623 295 1682 eandem
313 1641 375 1681 rem
395 1626 476 1680 oertn
499 1619 605 1680 iudicio
625 1620 700 1680 vidit
718 1621 873 1698 pertinere.

249 1716 414 1775 Exordium
439 1714 534 1774 simile
559 1714 685 1793 Podugri
710 1715 808 1773 uerbis
832 1715 967 1775 baculum
998 1717 1182 1795 adloquentis
1212 1720 1242 1779 in
1267 1720 1395 1782 Luciani

176 1810 373 1888 Τνοροᾱοροιὶ,
400 1809 438 1869 58
452 1827 516 1885 sqq.
542 1804 639 1889 έγειρε,
669 1808 783 1888 τλῆμον,
812 1807 880 1882 γυῖα
906 1803 1020 1888 δεμνίων
1044 1804 1097 1872 dno
1118 1859 1126 1874 .
1147 1860 1154 1874 .
1176 1857 1183 1872 .
1205 1809 1339 1874 σκέθασον
1370 1810 1394 1872 θ’

172 1902 220 1964 ἀπ’
245 1896 336 1965 ίσσων
361 1894 451 1984 κίχιον
478 1901 554 1984 ἀέρος
581 1894 685 1980 βοίθος,
710 1920 768 1979 quo
794 1903 898 1962 eodem
923 1923 960 1962 ex
985 1904 1084 1965 libello
1104 1906 1201 1984 Bergk
1222 1907 1313 1979 (Post.
1341 1910 1393 1983 lyr.

172 1998 201 2058 Il
223 1997 293 2075 575)
314 1998 453 2057 iudicavit
472 2017 500 2056 ν.
518 1998 573 2056 193
599 1996 816 2072 conparandum
847 2016 911 2055 cum
935 1997 1036 2073 hymni
1061 2002 1121 2057 ν.4
1151 1991 1219 2058 κλιίε
1240 2003 1296 2060 σῶν
1319 1999 1394 2081 ἱερῶν

171 2079 298 2172 μερίπων
317 2081 421 2161 ἒνονιοίς.
462 2090 574 2166 Quibus
593 2090 691 2149 verbis
711 2090 798 2148 simul
823 2102 899 2149 recte
923 2089 1042 2148 Boeolrh
1066 2091 1221 2151 coniecisse
1244 2094 1393 2168 evincitur,

172 2186 289 2246 titulum
309 2205 366 2245 non
387 2185 422 2244 de
443 2184 560 2262 publico
579 2184 711 2256 oonsilio,
732 2184 783 2242 sed
802 2203 821 2241 a
833 2183 1020 2242 sacerdotibus
1032 2186 1229 2244 indoctioribus
1242 2198 1268 2245 et
1275 2189 1392 2263 plebeiis

171 2282 282 2341 asseclis
306 2279 434 2356 positum
459 2297 537 2352 esse;
569 2299 639 2338 nam
665 2281 720 2337 οων
744 2276 869 2357 μεροίιων
895 2283 929 2336 ut
954 2278 1035 2354 apud
1058 2277 1220 2339 Lucianum
1244 2280 1392 2360 Podagrae

171 2374 263 2433 sacris
281 2374 426 2448 initiatos,
452 2373 543 2433 sicin
573 2372 659 2432 titulo
679 2372 847 2449 Aesculapii
874 2370 1037 2431 sacerdotes
1061 2372 1213 2449 significat.
1255 2373 1390 2433 Tertium

170 2468 294 2545 deniqne
318 2469 447 2529 eiusdem
472 2467 565 2527 libelli
590 2465 729 2525 Lucianei
753 2464 849 2524 locum
874 2464 1005 2523 adferam
1030 2465 1068 2523 ad
1091 2486 1119 2525 ν.
1136 2467 1181 2526 31.
1207 2501 1245 2511 -
1271 2467 1289 2526 5
1317 2470 1388 2547 πρωῒ-

170 2585 215 2622 σον
240 2562 333 2633 σθένος
358 2571 402 2623 est
423 2555 542 2635 Ὑγίεια,
574 2560 654 2620 cuius
682 2561 809 2638 hymnus
834 2559 959 2637 primum
986 2567 1065 2619 tenet
1089 2560 1194 2620 locum.
1238 2561 1297 2636 Qui
1327 2563 1389 2621 sive

169 2657 315 2735 Licymnii
335 2666 381 2717 est
399 2656 462 2715 sive
482 2654 658 2732 Ariphronis
679 2654 729 2728 (cf.
749 2655 849 2732 Bergk
869 2656 948 2714 Post.
970 2655 1023 2729 lyr.
1044 2654 1091 2713 111
1114 2653 1200 2732 1249)
1220 2656 1332 2734 integer
1350 2657 1388 2714 ab

170 2751 323 2811 Athenaeo
344 2750 404 2810 XV
426 2749 512 2809 7022
531 2749 574 2808 sic
592 2748 719 2809 traditus
740 2760 797 2810 est:

242 2874 358 2955 θγίεια,
379 2871 534 2990 πρεσβίστα
554 2868 698 2990 μοικοίρων,
718 2900 792 2957 μετα
814 2880 867 2937 σειν
885 2871 983 2957 ναίοιμι
1002 2868 1034 2935 τί
1057 2865 1211 2957 λεισίροενον

248 2972 352 3051 βιοτοῒς,
374 2994 410 3032 σιν
401 2961 464 3030 δέ
482 2995 529 3050 μοι
549 2957 674 3082 σρίῲρων
694 2962 813 3041 σιίνοικος
834 2968 896 3047 εἴης

247 3063 269 3125 εἰ
287 3053 342 3146 ’γοίρ
362 3086 401 3133 τις
421 3090 436 3139 η
425 3056 578 3124 *πλουτου
598 3049 676 3143 χοίρις
696 3090 711 3138 η
701 3057 833 3125 τεκέων

245 3185 261 3234 η
281 3162 333 3227 τοις
353 3151 521 3237 ἰσοδαίμονος
542 3149 691 3231 οίνθριιίννοις
711 3154 903 3272 βασιληίθορ’
890 3160 1012 3237 αρχοῒςη
1002 3150 1135 3234 nolimu,

250 3243 296 3321 οιίς
316 3245 437 3331 κρυφίοις
453 3241 679 3363 Ἀῲροθίσας”ρ
645 3272 663 3307 α
680 3271 758 3309 κυσιν
777 3240 937 3330 θηρειίομεν,

245 3372 260 3421 η
281 3341 308 3404 εί
322 3367 362 3413 τις
382 3334 458 3404 αλλα
477 3330 574 3404 θείθεν
593 3329 756 3422 ανθρωίσοισι
775 3337 908 3425 τέρψις
890 3369 905 3418 η
927 3335 1011 3403 πίνων
1030 3333 1140 3421 olpnvoa
1162 3352 1307 3426 πέφανται,

245 3429 321 3520 perd
341 3437 406 3511 σεῖο,
400 3427 542 3552 μέκαιρ
559 3429 674 3511 θγίεια,

208 3572 210 3575 ·
243 3533 348 3595 τέθαλε
368 3519 459 3593 σοίνοα
478 3524 524 3592 καί
544 3520 649 3609 λοίμσει
668 3525 793 3611 Χαρίτων
813 3525 870 3610 έαρ·

246 3625 325 3689 σέθεν
345 3622 374 3686 dl
392 3617 474 3706 χωρίς
495 3616 607 3695 ονιίσις
588 3618 727 3704 είθαίριων
753 3621 816 3705 ἕῲιν.

243 3754 405 3815 Exordium
425 3760 587 3830 praeterea,
612 3754 638 3812 si
658 3762 760 3812 testem
779 3752 866 3812 titulo
884 3751 945 3810 iere
965 3751 1117 3829 aequalem
1134 3753 1275 3830 requiras,
1295 3755 1382 3814 Luci·

166 3868 240 3910 auus
260 3849 390 3909 servavit
409 3847 477 3925 (pro
498 3849 580 3924 lapsu
599 3852 629 3906 ι’νν
649 3848 733 3907 salut.
750 3866 775 3906 c
790 3847 832 3924 6),
845 3865 903 3905 non
919 3846 1085 3923 discrepans
1097 3847 1148 3905 illo
1161 3849 1198 3906 ab
1212 3847 1376 3910 Athenaeo.

166 3943 326 4022 Diserepat
345 3961 412 4002 vero
432 3941 478 4001 rel
498 3942 627 4000 maxime
645 3942 736 4019 lepis,
761 3942 843 4001 cuius
862 3941 904 4000 rei
924 3960 990 4000 cum
1014 3941 1043 3998 in
1069 3941 1228 4000 sententiae
1255 3942 1380 4020 gratiam

165 4036 237 4096 nibil
257 4038 318 4096 sere
338 4039 363 4095 si
381 4056 473 4096 unum
493 4037 642 4112 exceperis
661 4043 803 4096 mutatum
823 4035 862 4095 sit
880 4035 955 4093 aliae
974 4053 1080 4094 causae
1103 4036 1381 4113 circumspiciendus

166 4137 242 4191 sunt.
282 4128 362 4190 Nam
381 4140 415 4189 ut
432 4131 550 4190 mittam
568 4131 674 4189 menda
693 4130 917 4210 orthographica
936 4139 966 4188 et
984 4128 1085 4187 leviter
1105 4139 1201 4188 errata
1221 4116 1380 4209 οἰνθρωίνιους

165 4224 207 4301 (ν.
224 4225 282 4303 10),
301 4217 379 4305 χοίριν
398 4225 440 4302 (ν.
455 4225 498 4301 9),
522 4223 619 4304 τέρψιν
638 4224 678 4300 (ν.
695 4224 759 4302 lt),
785 4243 917 4302 quaeque
936 4222 1087 4283 deterioris
1106 4223 1232 4282 fortasse
1253 4222 1380 4300 exempli

165 4318 304 4379 lectiones
324 4320 449 4395 fuerunt,
468 4319 549 4377 velut
568 4322 621 4379 σοῦ
638 4338 693 4395 pro
714 4321 766 4378 oni
785 4320 828 4395 (v.
843 4319 883 4396 7),
904 4312 964 4395 βίον
984 4336 1038 4394 pro
1052 4317 1147 4395 βιοτοῖς
1161 4317 1202 4393 (ν.
1217 4316 1258 4392 8),
1279 4313 1380 4391 gorsine

165 4411 216 4491 (de
240 4431 297 4492 quo
322 4414 424 4472 statim
447 4413 556 4490 dicam)
580 4432 635 4489 pro
660 4400 778 4486 ξιίνοικος
808 4409 860 4488 εἴης
890 4413 931 4490 (ν.
946 4412 990 4488 8),
1020 4410 1144 4487 deniqne
1163 4409 1380 4531 interpolatum

1125 4510 1157 4559 28
