<?xml version="1.0" encoding="UTF-8"?>
<!DOCTYPE html PUBLIC "-//W3C//DTD XHTML 1.0 Transitional//EN"
    "http://www.w3.org/TR/xhtml1/DTD/xhtml1-transitional.dtd">
<html xmlns="http://www.w3.org/1999/xhtml" xml:lang="en" lang="en">
 <head>
  <title>
</title>
<meta http-equiv="Content-Type" content="text/html;charset=utf-8" />
  <meta name='ocr-system' content='tesseract 3.04.00' />
  <meta name='ocr-capabilities' content='ocr_page ocr_carea ocr_par ocr_line ocrx_word'/>
</head>
<body>
  <div class='ocr_page' id='page_1' title='image "./epigrammatagrca00kaibgoog_0059.png"; bbox 0 0 3262 4974; ppageno 0'>
   <div class='ocr_carea' id='block_1_1' title="bbox 818 225 834 256">
    <p class='ocr_par' dir='ltr' id='par_1_1' title="bbox 818 225 834 256">
     <span class='ocr_line' id='line_1_1' title="bbox 818 225 834 256; baseline 0 -7"><span class='ocrx_word' id='word_1_1' title='bbox 818 225 834 256; x_wconf 68' lang='grc' dir='ltr'><strong>ε.</strong></span> 
     </span>
    </p>
   </div>
   <div class='ocr_carea' id='block_1_2' title="bbox 242 350 1038 425">
    <p class='ocr_par' dir='ltr' id='par_1_2' title="bbox 242 350 1038 425">
     <span class='ocr_line' id='line_1_2' title="bbox 242 350 1038 425; baseline 0.004 -24"><span class='ocrx_word' id='word_1_2' title='bbox 242 361 283 425; x_wconf 72' lang='lat'><strong>24</strong></span> <span class='ocrx_word' id='word_1_3' title='bbox 657 355 854 424; x_wconf 76' lang='lat' dir='ltr'><strong>Epigrammata</strong></span> <span class='ocrx_word' id='word_1_4' title='bbox 873 350 1038 420; x_wconf 75' lang='lat' dir='ltr'><strong>sepulcralia.</strong></span> 
     </span>
    </p>
   </div>
   <div class='ocr_carea' id='block_1_3' title="bbox 243 516 1208 605">
    <p class='ocr_par' dir='ltr' id='par_1_3' title="bbox 243 516 1208 605">
     <span class='ocr_line' id='line_1_3' title="bbox 243 516 1208 605; baseline -0.008 -21"><span class='ocrx_word' id='word_1_5' title='bbox 243 525 298 585; x_wconf 72' lang='lat'><strong>70.</strong></span> <span class='ocrx_word' id='word_1_6' title='bbox 340 525 416 583; x_wconf 80' lang='lat' dir='ltr'><strong>Ante</strong></span> <span class='ocrx_word' id='word_1_7' title='bbox 436 541 565 599; x_wconf 72' lang='lat' dir='ltr'><strong>mapsam</strong></span> <span class='ocrx_word' id='word_1_8' title='bbox 585 522 718 581; x_wconf 73' lang='lat' dir='ltr'><strong>Palladis</strong></span> <span class='ocrx_word' id='word_1_9' title='bbox 738 518 1003 605; x_wconf 55' lang='lat' dir='ltr'><strong>communimus.</strong></span> <span class='ocrx_word' id='word_1_10' title='bbox 1044 517 1076 576; x_wconf 82' lang='grc' dir='ltr'><strong>Ο.</strong></span> <span class='ocrx_word' id='word_1_11' title='bbox 1097 516 1121 574; x_wconf 90' lang='lat'><strong>1.</strong></span> <span class='ocrx_word' id='word_1_12' title='bbox 1143 516 1208 576; x_wconf 77' lang='lat'><strong>747.</strong></span> 
     </span>
    </p>
   </div>
   <div class='ocr_carea' id='block_1_4' title="bbox 376 635 1332 934">
    <p class='ocr_par' dir='ltr' id='par_1_4' title="bbox 376 635 1332 934">
     <span class='ocr_line' id='line_1_4' title="bbox 488 635 1115 723; baseline -0.01 -13"><span class='ocrx_word' id='word_1_13' title='bbox 488 643 662 723; x_wconf 80' lang='grc' dir='ltr'><strong>Πόλολλσς</strong></span> <span class='ocrx_word' id='word_1_14' title='bbox 684 643 900 710; x_wconf 69' lang='lat' dir='ltr'><strong>frotarium»</strong></span> <span class='ocrx_word' id='word_1_15' title='bbox 923 635 1115 717; x_wconf 80' lang='grc' dir='ltr'><em>Παιανιεύς.</em></span> 
     </span>
     <span class='ocr_line' id='line_1_5' title="bbox 376 733 1332 833; baseline -0.018 -16"><span class='ocrx_word' id='word_1_16' title='bbox 376 745 496 816; x_wconf 80' lang='grc' dir='ltr'><em>Εἱκόνα</em></span> <span class='ocrx_word' id='word_1_17' title='bbox 517 742 606 832; x_wconf 71' lang='grc' dir='ltr'><em>τήνδ’</em></span> <span class='ocrx_word' id='word_1_18' title='bbox 620 740 765 833; x_wconf 73' lang='grc' dir='ltr'><em>ἀνέθηκε</em></span> <span class='ocrx_word' id='word_1_19' title='bbox 787 739 1028 829; x_wconf 71' lang='grc' dir='ltr'><strong><em>Πολύστρατος</em></strong></span> <span class='ocrx_word' id='word_1_20' title='bbox 1051 735 1154 805; x_wconf 79' lang='grc' dir='ltr'><em>αὑτοῦ</em></span> <span class='ocrx_word' id='word_1_21' title='bbox 1176 733 1332 824; x_wconf 81' lang='grc' dir='ltr'><em>ἀδελφόν,</em></span> 
     </span>
     <span class='ocr_line' id='line_1_6' title="bbox 444 834 1185 934; baseline -0.009 -22"><span class='ocrx_word' id='word_1_22' title='bbox 444 841 656 934; x_wconf 73' lang='grc' dir='ltr'><em>μνημοσύνην</em></span> <span class='ocrx_word' id='word_1_23' title='bbox 678 848 805 931; x_wconf 77' lang='grc' dir='ltr'><em>θνητοῦ</em></span> <span class='ocrx_word' id='word_1_24' title='bbox 828 838 983 923; x_wconf 81' lang='grc' dir='ltr'><strong>σώματος</strong></span> <span class='ocrx_word' id='word_1_25' title='bbox 1004 834 1185 906; x_wconf 73' lang='grc' dir='ltr'><em>ἀθάνατον.</em></span> 
     </span>
    </p>
   </div>
   <div class='ocr_carea' id='block_1_5' title="bbox 245 965 1458 1252">
    <p class='ocr_par' dir='ltr' id='par_1_5' title="bbox 245 965 1458 1252">
     <span class='ocr_line' id='line_1_7' title="bbox 322 965 1457 1062; baseline -0.008 -16"><span class='ocrx_word' id='word_1_26' title='bbox 322 988 439 1046; x_wconf 85' lang='lat' dir='ltr'><strong>Boeolrh</strong></span> <span class='ocrx_word' id='word_1_27' title='bbox 464 994 551 1062; x_wconf 85' lang='lat' dir='ltr'><strong>negat</strong></span> <span class='ocrx_word' id='word_1_28' title='bbox 575 982 765 1059; x_wconf 76' lang='lat' dir='ltr'><strong>sepulcralem</strong></span> <span class='ocrx_word' id='word_1_29' title='bbox 791 999 854 1039; x_wconf 84' lang='lat' dir='ltr'><strong>esse</strong></span> <span class='ocrx_word' id='word_1_30' title='bbox 879 977 1004 1037; x_wconf 91' lang='lat' dir='ltr'><strong>titulum.</strong></span> <span class='ocrx_word' id='word_1_31' title='bbox 1043 979 1085 1038; x_wconf 81' lang='lat' dir='ltr'><strong>Ar</strong></span> <span class='ocrx_word' id='word_1_32' title='bbox 1106 988 1133 1036; x_wconf 88' lang='lat' dir='ltr'><strong>et</strong></span> <span class='ocrx_word' id='word_1_33' title='bbox 1154 965 1311 1057; x_wconf 63' lang='lat' dir='ltr'><strong>purpuraria</strong></span> <span class='ocrx_word' id='word_1_34' title='bbox 1332 979 1394 1037; x_wconf 89' lang='lat' dir='ltr'><strong>eius</strong></span> <span class='ocrx_word' id='word_1_35' title='bbox 1414 980 1457 1037; x_wconf 92' lang='lat' dir='ltr'><strong>di·</strong></span> 
     </span>
     <span class='ocr_line' id='line_1_8' title="bbox 246 1061 1458 1156; baseline -0.009 -15"><span class='ocrx_word' id='word_1_36' title='bbox 246 1085 320 1142; x_wconf 89' lang='lat' dir='ltr'><strong>citur</strong></span> <span class='ocrx_word' id='word_1_37' title='bbox 345 1082 394 1156; x_wconf 92' lang='lat' dir='ltr'><strong>qui</strong></span> <span class='ocrx_word' id='word_1_38' title='bbox 420 1087 549 1138; x_wconf 87' lang='lat' dir='ltr'><strong>mortuus</strong></span> <span class='ocrx_word' id='word_1_39' title='bbox 574 1082 618 1135; x_wconf 88' lang='lat' dir='ltr'><strong>est</strong></span> <span class='ocrx_word' id='word_1_40' title='bbox 642 1085 671 1133; x_wconf 92' lang='lat' dir='ltr'><strong>et</strong></span> <span class='ocrx_word' id='word_1_41' title='bbox 690 1074 835 1134; x_wconf 81' lang='lat' dir='ltr'><strong>adiective</strong></span> <span class='ocrx_word' id='word_1_42' title='bbox 853 1064 949 1147; x_wconf 65' lang='grc' dir='ltr'><em>θνητός</em></span> <span class='ocrx_word' id='word_1_43' title='bbox 970 1078 999 1129; x_wconf 90' lang='lat' dir='ltr'><strong>et</strong></span> <span class='ocrx_word' id='word_1_44' title='bbox 1019 1061 1157 1138; x_wconf 61' lang='lat' dir='ltr'><strong>sudomir</strong></span> <span class='ocrx_word' id='word_1_45' title='bbox 1177 1071 1251 1129; x_wconf 87' lang='lat' dir='ltr'><strong>inter</strong></span> <span class='ocrx_word' id='word_1_46' title='bbox 1271 1089 1303 1130; x_wconf 88' lang='lat' dir='ltr'><strong>se</strong></span> <span class='ocrx_word' id='word_1_47' title='bbox 1323 1073 1458 1150; x_wconf 87' lang='lat' dir='ltr'><strong>opposita</strong></span> 
     </span>
     <span class='ocr_line' id='line_1_9' title="bbox 245 1163 1169 1252; baseline -0.011 -18"><span class='ocrx_word' id='word_1_48' title='bbox 245 1176 360 1252; x_wconf 82' lang='lat' dir='ltr'><strong>saepius</strong></span> <span class='ocrx_word' id='word_1_49' title='bbox 380 1173 409 1230; x_wconf 91' lang='lat' dir='ltr'><strong>in</strong></span> <span class='ocrx_word' id='word_1_50' title='bbox 430 1171 587 1249; x_wconf 78' lang='lat' dir='ltr'><strong>epitaphiis</strong></span> <span class='ocrx_word' id='word_1_51' title='bbox 606 1169 797 1244; x_wconf 88' lang='lat' dir='ltr'><strong>reperiuntur,</strong></span> <span class='ocrx_word' id='word_1_52' title='bbox 817 1168 853 1227; x_wconf 87' lang='lat' dir='ltr'><strong>cl.</strong></span> <span class='ocrx_word' id='word_1_53' title='bbox 876 1165 985 1227; x_wconf 87' lang='lat' dir='ltr'><strong>Simon.</strong></span> <span class='ocrx_word' id='word_1_54' title='bbox 1007 1183 1051 1241; x_wconf 91' lang='lat' dir='ltr'><strong>ep.</strong></span> <span class='ocrx_word' id='word_1_55' title='bbox 1075 1163 1169 1224; x_wconf 76' lang='lat'><strong>1233.</strong></span> 
     </span>
    </p>
   </div>
   <div class='ocr_carea' id='block_1_6' title="bbox 248 1421 1189 1502">
    <p class='ocr_par' dir='ltr' id='par_1_6' title="bbox 248 1421 1189 1502">
     <span class='ocr_line' id='line_1_10' title="bbox 248 1421 1189 1502; baseline -0.01 -15"><span class='ocrx_word' id='word_1_56' title='bbox 248 1426 295 1488; x_wconf 67' lang='lat'><strong>71.</strong></span> <span class='ocrx_word' id='word_1_57' title='bbox 336 1426 394 1487; x_wconf 89' lang='lat' dir='ltr'><strong>Sub</strong></span> <span class='ocrx_word' id='word_1_58' title='bbox 414 1426 586 1502; x_wconf 83' lang='lat' dir='ltr'><strong>Lycahetto.</strong></span> <span class='ocrx_word' id='word_1_59' title='bbox 626 1423 701 1482; x_wconf 88' lang='lat' dir='ltr'><strong>Ross</strong></span> <span class='ocrx_word' id='word_1_60' title='bbox 720 1423 821 1482; x_wconf 73' lang='lat' dir='ltr'><strong>Butler.</strong></span> <span class='ocrx_word' id='word_1_61' title='bbox 843 1423 962 1483; x_wconf 68' lang='lat' dir='ltr'><strong>arctior.</strong></span> <span class='ocrx_word' id='word_1_62' title='bbox 986 1422 1060 1480; x_wconf 83' lang='lat'>1840</span> <span class='ocrx_word' id='word_1_63' title='bbox 1079 1440 1108 1498; x_wconf 91' lang='lat' dir='ltr'><strong>p.</strong></span> <span class='ocrx_word' id='word_1_64' title='bbox 1126 1421 1189 1478; x_wconf 86' lang='lat'><strong>104.</strong></span> 
     </span>
    </p>
   </div>
   <div class='ocr_carea' id='block_1_7' title="bbox 308 1535 1400 2242">
    <p class='ocr_par' dir='ltr' id='par_1_7' title="bbox 308 1535 1400 2242">
     <span class='ocr_line' id='line_1_11' title="bbox 369 1535 1247 1639; baseline -0.007 -25"><span class='ocrx_word' id='word_1_65' title='bbox 369 1544 508 1616; x_wconf 68' lang='grc' dir='ltr'><em>Ἐνθάδε</em></span> <span class='ocrx_word' id='word_1_66' title='bbox 533 1550 749 1639; x_wconf 58' lang='lat' dir='ltr'><strong>[isso-‘ionicis‘</strong></span> <span class='ocrx_word' id='word_1_67' title='bbox 771 1554 879 1615; x_wconf 77' lang='grc' dir='ltr'><em>κεῖται</em></span> <span class='ocrx_word' id='word_1_68' title='bbox 903 1535 1063 1612; x_wconf 81' lang='grc' dir='ltr'><strong>πολλοῖσι</strong></span> <span class='ocrx_word' id='word_1_69' title='bbox 1086 1541 1247 1622; x_wconf 73' lang='grc' dir='ltr'><strong>ποθεινός</strong></span> 
     </span>
     <span class='ocr_line' id='line_1_12' title="bbox 441 1643 1170 1738; baseline -0.004 -25"><span class='ocrx_word' id='word_1_70' title='bbox 441 1650 498 1714; x_wconf 88' lang='grc' dir='ltr'><strong>καὶ</strong></span> <span class='ocrx_word' id='word_1_71' title='bbox 521 1645 671 1738; x_wconf 74' lang='grc' dir='ltr'><strong>Σάεοησς</strong></span> <span class='ocrx_word' id='word_1_72' title='bbox 692 1647 765 1727; x_wconf 82' lang='grc' dir='ltr'><strong>νέος</strong></span> <span class='ocrx_word' id='word_1_73' title='bbox 788 1643 833 1713; x_wconf 78' lang='lat' dir='ltr'><strong>dv</strong></span> <span class='ocrx_word' id='word_1_74' title='bbox 855 1644 947 1730; x_wconf 78' lang='grc' dir='ltr'><em>ἔσχεν</em></span> <span class='ocrx_word' id='word_1_75' title='bbox 969 1644 1170 1730; x_wconf 78' lang='grc' dir='ltr'><strong><em>ἐπωνυμίαν.</em></strong></span> 
     </span>
     <span class='ocr_line' id='line_1_13' title="bbox 373 1740 1282 1837; baseline -0.004 -21"><span class='ocrx_word' id='word_1_76' title='bbox 373 1756 455 1828; x_wconf 80' lang='grc' dir='ltr'><strong>παῖς</strong></span> <span class='ocrx_word' id='word_1_77' title='bbox 476 1743 747 1836; x_wconf 80' lang='grc' dir='ltr'><strong>δ’Ἡρακλεῖδου,</strong></span> <span class='ocrx_word' id='word_1_78' title='bbox 770 1748 896 1837; x_wconf 72' lang='grc' dir='ltr'><strong>μητρὸς</strong></span> <span class='ocrx_word' id='word_1_79' title='bbox 919 1749 956 1814; x_wconf 81' lang='grc' dir='ltr'><strong>δὲ</strong></span> <span class='ocrx_word' id='word_1_80' title='bbox 974 1740 1188 1833; x_wconf 78' lang='grc' dir='ltr'><em>Ἀρισστίδσς</em></span> <span class='ocrx_word' id='word_1_81' title='bbox 1209 1745 1282 1812; x_wconf 78' lang='grc' dir='ltr'><em>ἐστι’</em></span> 
     </span>
     <span class='ocr_line' id='line_1_14' title="bbox 308 1841 1270 1938; baseline -0.007 -16"><span class='ocrx_word' id='word_1_82' title='bbox 308 1909 315 1922; x_wconf 94' lang='grc'><strong>.</strong></span> <span class='ocrx_word' id='word_1_83' title='bbox 442 1851 579 1938; x_wconf 81' lang='grc' dir='ltr'><strong>α]αιρὶς</strong></span> <span class='ocrx_word' id='word_1_84' title='bbox 601 1851 639 1917; x_wconf 77' lang='grc' dir='ltr'><strong>δέ</strong></span> <span class='ocrx_word' id='word_1_85' title='bbox 660 1850 732 1916; x_wconf 78' lang='grc' dir='ltr'><strong>ἐστι</strong></span> <span class='ocrx_word' id='word_1_86' title='bbox 745 1844 890 1936; x_wconf 74' lang='grc' dir='ltr'><strong>’Ἔφεσος</strong></span> <span class='ocrx_word' id='word_1_87' title='bbox 912 1841 1106 1933; x_wconf 81' lang='grc' dir='ltr'><em>κλεινοτάτη</em></span> <span class='ocrx_word' id='word_1_88' title='bbox 1130 1843 1270 1915; x_wconf 77' lang='grc' dir='ltr'><em>πόλεων.</em></span> 
     </span>
     <span class='ocr_line' id='line_1_15' title="bbox 313 1945 1400 2038; baseline -0.007 -20"><span class='ocrx_word' id='word_1_89' title='bbox 313 1957 332 2018; x_wconf 84' lang='grc'><strong>5</strong></span> <span class='ocrx_word' id='word_1_90' title='bbox 376 1947 547 2038; x_wconf 67' lang='grc' dir='ltr'><strong>θρεφθεὶς</strong></span> <span class='ocrx_word' id='word_1_91' title='bbox 569 1951 643 2019; x_wconf 79' lang='grc' dir='ltr'><em>δ’ἑν</em></span> <span class='ocrx_word' id='word_1_92' title='bbox 664 1950 763 2032; x_wconf 78' lang='grc' dir='ltr'><em>χθονὶ</em></span> <span class='ocrx_word' id='word_1_93' title='bbox 784 1952 878 2036; x_wconf 80' lang='grc' dir='ltr'><em>τῆιδε</em></span> <span class='ocrx_word' id='word_1_94' title='bbox 902 1945 1003 2015; x_wconf 75' lang='grc' dir='ltr'><em>θάνεν</em></span> <span class='ocrx_word' id='word_1_95' title='bbox 1024 1951 1110 2032; x_wconf 77' lang='grc' dir='ltr'><em>μέγα</em></span> <span class='ocrx_word' id='word_1_96' title='bbox 1132 1951 1228 2033; x_wconf 75' lang='grc' dir='ltr'><em>πῆμα</em></span> <span class='ocrx_word' id='word_1_97' title='bbox 1251 1948 1400 2035; x_wconf 82' lang='grc' dir='ltr'><strong>φίλοισ[ι</strong></span> 
     </span>
     <span class='ocr_line' id='line_1_16' title="bbox 442 2045 1233 2140; baseline 0 -24"><span class='ocrx_word' id='word_1_98' title='bbox 442 2057 498 2140; x_wconf 64' lang='lat' dir='ltr'><strong>trit</strong></span> <span class='ocrx_word' id='word_1_99' title='bbox 519 2077 555 2119; x_wconf 83' lang='grc' dir='ltr'><strong>τε</strong></span> <span class='ocrx_word' id='word_1_100' title='bbox 578 2048 774 2137; x_wconf 78' lang='grc' dir='ltr'><em>κασιγνήεηι</em></span> <span class='ocrx_word' id='word_1_101' title='bbox 797 2050 926 2116; x_wconf 79' lang='grc' dir='ltr'><em>πένθεα</em></span> <span class='ocrx_word' id='word_1_102' title='bbox 950 2049 1093 2113; x_wconf 79' lang='grc' dir='ltr'><em>πλεῖστα</em></span> <span class='ocrx_word' id='word_1_103' title='bbox 1116 2045 1233 2116; x_wconf 79' lang='grc' dir='ltr'><em>λιπών.</em></span> 
     </span>
     <span class='ocr_line' id='line_1_17' title="bbox 599 2151 1018 2242; baseline 0.005 -26"><span class='ocrx_word' id='word_1_104' title='bbox 599 2151 788 2242; x_wconf 31' lang='grc' dir='ltr'><em>Αριασνίςη</em></span> <span class='ocrx_word' id='word_1_105' title='bbox 825 2151 1018 2237; x_wconf 70' lang='grc' dir='ltr'><strong><em>Πυθοκλῆς.</em></strong></span> 
     </span>
    </p>
   </div>
   <div class='ocr_carea' id='block_1_8' title="bbox 251 2277 1534 2999">
    <p class='ocr_par' dir='ltr' id='par_1_8' title="bbox 251 2277 1534 2999">
     <span class='ocr_line' id='line_1_18' title="bbox 327 2277 1461 2368; baseline -0.004 -19"><span class='ocrx_word' id='word_1_106' title='bbox 327 2306 360 2348; x_wconf 83' lang='grc' dir='ltr'><em>ιν</em></span> <span class='ocrx_word' id='word_1_107' title='bbox 383 2309 457 2349; x_wconf 87' lang='lat' dir='ltr'><strong>saec.</strong></span> <span class='ocrx_word' id='word_1_108' title='bbox 507 2314 518 2349; x_wconf 81' lang='grc' dir='ltr'><strong><em>ο</em></strong></span> <span class='ocrx_word' id='word_1_109' title='bbox 545 2311 597 2368; x_wconf 91' lang='lat' dir='ltr'><strong>pro</strong></span> <span class='ocrx_word' id='word_1_110' title='bbox 623 2313 653 2349; x_wconf 84' lang='lat' dir='ltr'><strong>co</strong></span> <span class='ocrx_word' id='word_1_111' title='bbox 679 2289 829 2364; x_wconf 86' lang='lat' dir='ltr'><strong>scriptum,</strong></span> <span class='ocrx_word' id='word_1_112' title='bbox 854 2310 866 2345; x_wconf 89' lang='grc' dir='ltr'><em>ε</em></span> <span class='ocrx_word' id='word_1_113' title='bbox 885 2306 940 2364; x_wconf 91' lang='lat' dir='ltr'><strong>pro</strong></span> <span class='ocrx_word' id='word_1_114' title='bbox 962 2308 983 2344; x_wconf 84' lang='grc' dir='ltr'><strong>ει</strong></span> <span class='ocrx_word' id='word_1_115' title='bbox 1004 2285 1036 2344; x_wconf 92' lang='lat' dir='ltr'><strong>in</strong></span> <span class='ocrx_word' id='word_1_116' title='bbox 1057 2283 1177 2364; x_wconf 75' lang='grc' dir='ltr'><strong>θρεῲθές</strong></span> <span class='ocrx_word' id='word_1_117' title='bbox 1198 2292 1228 2344; x_wconf 90' lang='lat' dir='ltr'><strong>et</strong></span> <span class='ocrx_word' id='word_1_118' title='bbox 1247 2277 1404 2360; x_wconf 73' lang='grc' dir='ltr'><em>κλενντοίτη.</em></span> <span class='ocrx_word' id='word_1_119' title='bbox 1426 2320 1461 2329; x_wconf 94' lang='grc'><strong>-</strong></span> 
     </span>
     <span class='ocr_line' id='line_1_19' title="bbox 255 2380 1463 2460; baseline -0.002 -19"><span class='ocrx_word' id='word_1_120' title='bbox 255 2383 409 2460; x_wconf 80' lang='lat' dir='ltr'><strong>Pythoclea</strong></span> <span class='ocrx_word' id='word_1_121' title='bbox 429 2402 501 2460; x_wconf 90' lang='lat' dir='ltr'><strong>puer</strong></span> <span class='ocrx_word' id='word_1_122' title='bbox 521 2384 631 2459; x_wconf 82' lang='lat' dir='ltr'><strong>Ephesi</strong></span> <span class='ocrx_word' id='word_1_123' title='bbox 652 2393 735 2440; x_wconf 87' lang='lat' dir='ltr'><strong>natus</strong></span> <span class='ocrx_word' id='word_1_124' title='bbox 755 2380 879 2438; x_wconf 83' lang='lat' dir='ltr'><strong>Athenis</strong></span> <span class='ocrx_word' id='word_1_125' title='bbox 898 2380 974 2438; x_wconf 87' lang='lat' dir='ltr'><strong>altus</strong></span> <span class='ocrx_word' id='word_1_126' title='bbox 994 2391 1022 2437; x_wconf 88' lang='lat' dir='ltr'><strong>et</strong></span> <span class='ocrx_word' id='word_1_127' title='bbox 1041 2380 1180 2437; x_wconf 85' lang='lat' dir='ltr'><strong>educatus</strong></span> <span class='ocrx_word' id='word_1_128' title='bbox 1199 2387 1257 2452; x_wconf 88' lang='lat' dir='ltr'><strong>est;</strong></span> <span class='ocrx_word' id='word_1_129' title='bbox 1278 2401 1383 2440; x_wconf 86' lang='lat' dir='ltr'><strong>nomen</strong></span> <span class='ocrx_word' id='word_1_130' title='bbox 1397 2382 1463 2439; x_wconf 87' lang='lat' dir='ltr'><strong>sub·</strong></span> 
     </span>
     <span class='ocr_line' id='line_1_20' title="bbox 253 2470 1464 2554; baseline -0.001 -19"><span class='ocrx_word' id='word_1_131' title='bbox 253 2479 395 2554; x_wconf 87' lang='lat' dir='ltr'><strong>scriptum</strong></span> <span class='ocrx_word' id='word_1_132' title='bbox 413 2470 554 2554; x_wconf 73' lang='grc' dir='ltr'><strong>Ἀριαστίς</strong></span> <span class='ocrx_word' id='word_1_133' title='bbox 575 2477 599 2532; x_wconf 88' lang='lat' dir='ltr'><strong>si</strong></span> <span class='ocrx_word' id='word_1_134' title='bbox 620 2476 727 2533; x_wconf 88' lang='lat' dir='ltr'><strong>sororis</strong></span> <span class='ocrx_word' id='word_1_135' title='bbox 747 2482 800 2546; x_wconf 85' lang='lat' dir='ltr'><strong>est,</strong></span> <span class='ocrx_word' id='word_1_136' title='bbox 820 2484 903 2550; x_wconf 84' lang='lat' dir='ltr'><strong>pater</strong></span> <span class='ocrx_word' id='word_1_137' title='bbox 922 2480 1081 2549; x_wconf 85' lang='lat' dir='ltr'><strong>materque,</strong></span> <span class='ocrx_word' id='word_1_138' title='bbox 1102 2474 1127 2530; x_wconf 89' lang='lat' dir='ltr'><strong>si</strong></span> <span class='ocrx_word' id='word_1_139' title='bbox 1147 2474 1258 2547; x_wconf 86' lang='lat' dir='ltr'><strong>matris,</strong></span> <span class='ocrx_word' id='word_1_140' title='bbox 1279 2482 1363 2551; x_wconf 87' lang='lat' dir='ltr'><strong>pater</strong></span> <span class='ocrx_word' id='word_1_141' title='bbox 1382 2476 1464 2553; x_wconf 87' lang='lat' dir='ltr'><strong>prior</strong></span> 
     </span>
     <span class='ocr_line' id='line_1_21' title="bbox 251 2556 1464 2646; baseline 0 -20"><span class='ocrx_word' id='word_1_142' title='bbox 251 2570 360 2629; x_wconf 87' lang='lat' dir='ltr'><strong>obiisse</strong></span> <span class='ocrx_word' id='word_1_143' title='bbox 379 2569 522 2645; x_wconf 81' lang='lat' dir='ltr'><strong>putandus</strong></span> <span class='ocrx_word' id='word_1_144' title='bbox 542 2579 594 2627; x_wconf 86' lang='lat' dir='ltr'><strong>est.</strong></span> <span class='ocrx_word' id='word_1_145' title='bbox 634 2569 675 2626; x_wconf 86' lang='lat' dir='ltr'><strong>Et</strong></span> <span class='ocrx_word' id='word_1_146' title='bbox 694 2567 807 2626; x_wconf 88' lang='lat' dir='ltr'><strong>dicendi</strong></span> <span class='ocrx_word' id='word_1_147' title='bbox 829 2577 857 2624; x_wconf 89' lang='lat' dir='ltr'><strong>et</strong></span> <span class='ocrx_word' id='word_1_148' title='bbox 876 2566 1017 2624; x_wconf 87' lang='lat' dir='ltr'><strong>sentiendi</strong></span> <span class='ocrx_word' id='word_1_149' title='bbox 1037 2586 1127 2643; x_wconf 80' lang='lat' dir='ltr'><strong>genus</strong></span> <span class='ocrx_word' id='word_1_150' title='bbox 1146 2556 1278 2626; x_wconf 79' lang='lat' dir='ltr'><strong>Atticum</strong></span> <span class='ocrx_word' id='word_1_151' title='bbox 1297 2570 1393 2646; x_wconf 88' lang='lat' dir='ltr'><strong>prodit</strong></span> <span class='ocrx_word' id='word_1_152' title='bbox 1412 2588 1464 2646; x_wconf 92' lang='lat' dir='ltr'><strong>po-</strong></span> 
     </span>
     <span class='ocr_line' id='line_1_22' title="bbox 251 2658 1464 2739; baseline 0.002 -21"><span class='ocrx_word' id='word_1_153' title='bbox 251 2669 340 2719; x_wconf 81' lang='lat' dir='ltr'><strong>etam.</strong></span> <span class='ocrx_word' id='word_1_154' title='bbox 363 2694 397 2704; x_wconf 91' lang='lat'><em>-</em></span> <span class='ocrx_word' id='word_1_155' title='bbox 420 2660 437 2718; x_wconf 75' lang='grc'>2</span> <span class='ocrx_word' id='word_1_156' title='bbox 457 2661 533 2720; x_wconf 86' lang='lat' dir='ltr'><strong>Roas</strong></span> <span class='ocrx_word' id='word_1_157' title='bbox 553 2661 718 2720; x_wconf 82' lang='lat' dir='ltr'><strong>defrmctum</strong></span> <span class='ocrx_word' id='word_1_158' title='bbox 738 2679 804 2719; x_wconf 89' lang='lat' dir='ltr'><strong>cum</strong></span> <span class='ocrx_word' id='word_1_159' title='bbox 823 2680 895 2737; x_wconf 88' lang='lat' dir='ltr'><strong>puer</strong></span> <span class='ocrx_word' id='word_1_160' title='bbox 915 2670 991 2719; x_wconf 85' lang='lat' dir='ltr'><strong>esset</strong></span> <span class='ocrx_word' id='word_1_161' title='bbox 1011 2658 1159 2737; x_wconf 86' lang='lat' dir='ltr'><strong>Satyrum,</strong></span> <span class='ocrx_word' id='word_1_162' title='bbox 1179 2672 1282 2738; x_wconf 88' lang='lat' dir='ltr'><strong>postea</strong></span> <span class='ocrx_word' id='word_1_163' title='bbox 1295 2663 1464 2739; x_wconf 82' lang='lat' dir='ltr'><strong>Pythoclem</strong></span> 
     </span>
     <span class='ocr_line' id='line_1_23' title="bbox 253 2751 1465 2833; baseline 0.002 -23"><span class='ocrx_word' id='word_1_164' title='bbox 253 2753 433 2811; x_wconf 88' lang='lat' dir='ltr'><strong>nominatum</strong></span> <span class='ocrx_word' id='word_1_165' title='bbox 453 2756 611 2828; x_wconf 84' lang='lat' dir='ltr'><strong>existimat,</strong></span> <span class='ocrx_word' id='word_1_166' title='bbox 632 2755 709 2829; x_wconf 91' lang='lat' dir='ltr'><strong>quod</strong></span> <span class='ocrx_word' id='word_1_167' title='bbox 730 2755 901 2831; x_wconf 84' lang='lat' dir='ltr'><strong>reprobatur</strong></span> <span class='ocrx_word' id='word_1_168' title='bbox 920 2755 1029 2812; x_wconf 85' lang='lat' dir='ltr'><strong>aoristo</strong></span> <span class='ocrx_word' id='word_1_169' title='bbox 1050 2751 1129 2833; x_wconf 76' lang='grc' dir='ltr'><em>ἔσχεν</em></span> <span class='ocrx_word' id='word_1_170' title='bbox 1150 2775 1175 2811; x_wconf 87' lang='grc' dir='ltr'><em>ν.</em></span> <span class='ocrx_word' id='word_1_171' title='bbox 1191 2755 1218 2813; x_wconf 75' lang='grc' dir='ltr'><strong>ἳ.</strong></span> <span class='ocrx_word' id='word_1_172' title='bbox 1249 2754 1391 2815; x_wconf 84' lang='lat' dir='ltr'><strong>Vtebatur</strong></span> <span class='ocrx_word' id='word_1_173' title='bbox 1411 2755 1465 2816; x_wconf 85' lang='lat' dir='ltr'><strong>Sa·</strong></span> 
     </span>
     <span class='ocr_line' id='line_1_24' title="bbox 254 2833 1534 2926; baseline 0.004 -23"><span class='ocrx_word' id='word_1_174' title='bbox 254 2854 321 2921; x_wconf 86' lang='lat' dir='ltr'><strong>tyro</strong></span> <span class='ocrx_word' id='word_1_175' title='bbox 342 2856 531 2922; x_wconf 81' lang='lat' dir='ltr'><strong>cognomento</strong></span> <span class='ocrx_word' id='word_1_176' title='bbox 552 2833 647 2906; x_wconf 74' lang='lat' dir='ltr'><strong>nescio</strong></span> <span class='ocrx_word' id='word_1_177' title='bbox 661 2866 748 2923; x_wconf 86' lang='lat' dir='ltr'><strong>quam</strong></span> <span class='ocrx_word' id='word_1_178' title='bbox 763 2848 800 2905; x_wconf 93' lang='lat' dir='ltr'><strong>ob</strong></span> <span class='ocrx_word' id='word_1_179' title='bbox 814 2866 932 2906; x_wconf 80' lang='lat' dir='ltr'><strong>caueam</strong></span> <span class='ocrx_word' id='word_1_180' title='bbox 946 2849 972 2906; x_wconf 89' lang='lat' dir='ltr'><strong>ei</strong></span> <span class='ocrx_word' id='word_1_181' title='bbox 985 2848 1086 2908; x_wconf 87' lang='lat' dir='ltr'><strong>indito.</strong></span> <span class='ocrx_word' id='word_1_182' title='bbox 1118 2849 1161 2908; x_wconf 84' lang='lat' dir='ltr'><strong>Gi.</strong></span> <span class='ocrx_word' id='word_1_183' title='bbox 1176 2851 1265 2908; x_wconf 90' lang='lat' dir='ltr'><strong>Anth.</strong></span> <span class='ocrx_word' id='word_1_184' title='bbox 1279 2851 1356 2926; x_wconf 86' lang='lat' dir='ltr'><strong>App.</strong></span> <span class='ocrx_word' id='word_1_185' title='bbox 1370 2850 1416 2908; x_wconf 87' lang='grc'><strong>34.</strong></span> <span class='ocrx_word' id='word_1_186' title='bbox 1427 2883 1465 2893; x_wconf 99' lang='grc'>-</span> <span class='ocrx_word' id='word_1_187' title='bbox 1529 2865 1534 2876; x_wconf 83' lang='grc'><em>’</em></span> 
     </span>
     <span class='ocr_line' id='line_1_25' title="bbox 253 2938 595 2999; baseline 0.009 -4"><span class='ocrx_word' id='word_1_188' title='bbox 253 2939 271 2995; x_wconf 81' lang='grc'><strong>5</strong></span> <span class='ocrx_word' id='word_1_189' title='bbox 292 2938 421 2998; x_wconf 85' lang='lat' dir='ltr'><strong>clausula</strong></span> <span class='ocrx_word' id='word_1_190' title='bbox 440 2939 595 2999; x_wconf 84' lang='lat' dir='ltr'><strong>homerica.</strong></span> 
     </span>
    </p>
   </div>
   <div class='ocr_carea' id='block_1_9' title="bbox 254 3214 1431 3436">
    <p class='ocr_par' dir='ltr' id='par_1_9' title="bbox 254 3214 1431 3436">
     <span class='ocr_line' id='line_1_26' title="bbox 254 3214 1253 3284; baseline 0.011 -11"><span class='ocrx_word' id='word_1_191' title='bbox 254 3214 304 3274; x_wconf 72' lang='lat'><strong>72.</strong></span> <span class='ocrx_word' id='word_1_192' title='bbox 343 3215 416 3275; x_wconf 89' lang='lat' dir='ltr'><strong>Loci</strong></span> <span class='ocrx_word' id='word_1_193' title='bbox 436 3217 547 3275; x_wconf 88' lang='lat' dir='ltr'><strong>incerti.</strong></span> <span class='ocrx_word' id='word_1_194' title='bbox 587 3219 620 3275; x_wconf 91' lang='lat' dir='ltr'><strong>In</strong></span> <span class='ocrx_word' id='word_1_195' title='bbox 640 3238 740 3278; x_wconf 83' lang='lat' dir='ltr'><strong>museo</strong></span> <span class='ocrx_word' id='word_1_196' title='bbox 761 3221 866 3282; x_wconf 84' lang='lat' dir='ltr'><strong>Athen.</strong></span> <span class='ocrx_word' id='word_1_197' title='bbox 887 3223 979 3282; x_wconf 80' lang='lat' dir='ltr'><strong>deser.</strong></span> <span class='ocrx_word' id='word_1_198' title='bbox 1000 3221 1123 3283; x_wconf 83' lang='lat' dir='ltr'><strong>Cuman.</strong></span> <span class='ocrx_word' id='word_1_199' title='bbox 1145 3224 1253 3284; x_wconf 79' lang='lat' dir='ltr'><strong>3391b.</strong></span> 
     </span>
     <span class='ocr_line' id='line_1_27' title="bbox 384 3321 1431 3436; baseline 0.01 -34"><span class='ocrx_word' id='word_1_200' title='bbox 384 3339 583 3428; x_wconf 75' lang='grc' dir='ltr'><em>Φα[ι’διμο]ν</em></span> <span class='ocrx_word' id='word_1_201' title='bbox 612 3321 878 3428; x_wconf 63' lang='grc' dir='ltr'><strong>Ε[ὗ]θο[νέ]νὸυς</strong></span> <span class='ocrx_word' id='word_1_202' title='bbox 900 3343 949 3408; x_wconf 81' lang='lat' dir='ltr'><strong>r‘r&#39;d&#39;</strong></span> <span class='ocrx_word' id='word_1_203' title='bbox 962 3343 1028 3429; x_wconf 74' lang='grc' dir='ltr'><em>ἔχει</em></span> <span class='ocrx_word' id='word_1_204' title='bbox 1050 3343 1159 3433; x_wconf 79' lang='grc' dir='ltr'><strong><em>τάφος</em></strong></span> <span class='ocrx_word' id='word_1_205' title='bbox 1181 3343 1431 3436; x_wconf 76' lang='grc' dir='ltr'><em>ἇνφικαλὺψας.</em></span> 
     </span>
    </p>
   </div>
   <div class='ocr_carea' id='block_1_10' title="bbox 330 3479 1224 3559">
    <p class='ocr_par' dir='ltr' id='par_1_10' title="bbox 330 3479 1224 3559">
     <span class='ocr_line' id='line_1_28' title="bbox 330 3479 1224 3559; baseline 0.009 -23"><span class='ocrx_word' id='word_1_206' title='bbox 330 3496 362 3536; x_wconf 87' lang='lat' dir='ltr'><strong>rv</strong></span> <span class='ocrx_word' id='word_1_207' title='bbox 383 3497 457 3537; x_wconf 86' lang='lat' dir='ltr'><strong>saec.</strong></span> <span class='ocrx_word' id='word_1_208' title='bbox 498 3492 520 3536; x_wconf 96' lang='lat'><em>0</em></span> <span class='ocrx_word' id='word_1_209' title='bbox 540 3497 594 3555; x_wconf 90' lang='lat' dir='ltr'><strong>pro</strong></span> <span class='ocrx_word' id='word_1_210' title='bbox 615 3494 657 3538; x_wconf 85' lang='lat' dir='ltr'><strong>or</strong></span> <span class='ocrx_word' id='word_1_211' title='bbox 678 3479 828 3556; x_wconf 86' lang='lat' dir='ltr'><strong>scriptum.</strong></span> <span class='ocrx_word' id='word_1_212' title='bbox 847 3514 885 3522; x_wconf 96' lang='lat'><em>-</em></span> <span class='ocrx_word' id='word_1_213' title='bbox 907 3479 1009 3559; x_wconf 90' lang='lat' dir='ltr'><strong>Suppl.</strong></span> <span class='ocrx_word' id='word_1_214' title='bbox 1030 3487 1224 3546; x_wconf 85' lang='lat' dir='ltr'><strong>Cumanudes.</strong></span> 
     </span>
    </p>
   </div>
   <div class='ocr_carea' id='block_1_11' title="bbox 256 3754 1467 4198">
    <p class='ocr_par' dir='ltr' id='par_1_11' title="bbox 256 3754 1467 4198">
     <span class='ocr_line' id='line_1_29' title="bbox 256 3754 785 3815; baseline 0.004 -2"><span class='ocrx_word' id='word_1_215' title='bbox 256 3754 309 3815; x_wconf 74' lang='grc'><strong>73.</strong></span> <span class='ocrx_word' id='word_1_216' title='bbox 349 3754 383 3814; x_wconf 91' lang='lat' dir='ltr'><strong>ln</strong></span> <span class='ocrx_word' id='word_1_217' title='bbox 403 3754 516 3815; x_wconf 86' lang='lat' dir='ltr'><strong>Piraeo.</strong></span> <span class='ocrx_word' id='word_1_218' title='bbox 558 3754 678 3815; x_wconf 75' lang='lat' dir='ltr'><strong>Cumara.</strong></span> <span class='ocrx_word' id='word_1_219' title='bbox 700 3755 785 3815; x_wconf 74' lang='lat'><strong>2961.</strong></span> 
     </span>
     <span class='ocr_line' id='line_1_30' title="bbox 375 3873 1330 3972; baseline 0.009 -30"><span class='ocrx_word' id='word_1_220' title='bbox 375 3873 575 3962; x_wconf 74' lang='grc' dir='ltr'><em>Ἀνθεμίδσς</em></span> <span class='ocrx_word' id='word_1_221' title='bbox 596 3878 674 3945; x_wconf 80' lang='grc' dir='ltr'><em>τόδε</em></span> <span class='ocrx_word' id='word_1_222' title='bbox 697 3883 787 3967; x_wconf 79' lang='grc' dir='ltr'><em>σῆμα</em></span> <span class='ocrx_word' id='word_1_223' title='bbox 810 3879 934 3947; x_wconf 78' lang='grc' dir='ltr'><em>κύκλων</em></span> <span class='ocrx_word' id='word_1_224' title='bbox 956 3889 1177 3970; x_wconf 81' lang='grc' dir='ltr'><em>στεφανοῦσιν</em></span> <span class='ocrx_word' id='word_1_225' title='bbox 1200 3885 1330 3972; x_wconf 80' lang='grc' dir='ltr'><strong>ἑταῖροι</strong></span> 
     </span>
     <span class='ocr_line' id='line_1_31' title="bbox 496 3974 1188 4072; baseline 0.009 -29"><span class='ocrx_word' id='word_1_226' title='bbox 496 3980 673 4065; x_wconf 76' lang='grc' dir='ltr'><em>μνημείων,</em></span> <span class='ocrx_word' id='word_1_227' title='bbox 698 3974 818 4068; x_wconf 75' lang='grc' dir='ltr'><strong>ἀρετῆς</strong></span> <span class='ocrx_word' id='word_1_228' title='bbox 840 3980 960 4049; x_wconf 77' lang='grc' dir='ltr'><em>οὕνεκα</em></span> <span class='ocrx_word' id='word_1_229' title='bbox 982 3987 1039 4051; x_wconf 76' lang='grc' dir='ltr'><strong>καὶ</strong></span> <span class='ocrx_word' id='word_1_230' title='bbox 1062 3986 1188 4072; x_wconf 82' lang='grc' dir='ltr'><strong>φιλίας.</strong></span> 
     </span>
     <span class='ocr_line' id='line_1_32' title="bbox 331 4115 1467 4198; baseline 0.013 -26"><span class='ocrx_word' id='word_1_231' title='bbox 331 4115 560 4193; x_wconf 81' lang='lat' dir='ltr'><strong>Intellegendum</strong></span> <span class='ocrx_word' id='word_1_232' title='bbox 581 4118 624 4177; x_wconf 90' lang='lat' dir='ltr'><strong>sic</strong></span> <span class='ocrx_word' id='word_1_233' title='bbox 644 4118 704 4177; x_wconf 82' lang='lat' dir='ltr'><strong>sere</strong></span> <span class='ocrx_word' id='word_1_234' title='bbox 723 4119 850 4178; x_wconf 84' lang='lat' dir='ltr'><strong>videtur:</strong></span> <span class='ocrx_word' id='word_1_235' title='bbox 865 4124 953 4196; x_wconf 81' lang='lat' dir='ltr'><strong>flores</strong></span> <span class='ocrx_word' id='word_1_236' title='bbox 974 4132 997 4180; x_wconf 83' lang='lat' dir='ltr'><strong>ct</strong></span> <span class='ocrx_word' id='word_1_237' title='bbox 1016 4132 1092 4181; x_wconf 74' lang='lat' dir='ltr'><strong>serra</strong></span> <span class='ocrx_word' id='word_1_238' title='bbox 1109 4125 1267 4198; x_wconf 76' lang='lat' dir='ltr'><strong>imponunt,</strong></span> <span class='ocrx_word' id='word_1_239' title='bbox 1291 4138 1467 4186; x_wconf 80' lang='lat' dir='ltr'><strong>monumento</strong></span> 
     </span>
    </p>
   </div>
   <div class='ocr_carea' id='block_1_12' title="bbox 257 4213 1465 4383">
    <p class='ocr_par' dir='ltr' id='par_1_12' title="bbox 257 4213 1465 4383">
     <span class='ocr_line' id='line_1_33' title="bbox 258 4213 1465 4298; baseline 0.012 -34"><span class='ocrx_word' id='word_1_240' title='bbox 258 4226 330 4283; x_wconf 81' lang='lat' dir='ltr'><strong>quae</strong></span> <span class='ocrx_word' id='word_1_241' title='bbox 349 4213 404 4266; x_wconf 82' lang='lat' dir='ltr'><strong>sint</strong></span> <span class='ocrx_word' id='word_1_242' title='bbox 424 4220 451 4267; x_wconf 81' lang='lat' dir='ltr'><strong>et</strong></span> <span class='ocrx_word' id='word_1_243' title='bbox 468 4214 577 4270; x_wconf 72' lang='lat' dir='ltr'><strong>structis</strong></span> <span class='ocrx_word' id='word_1_244' title='bbox 598 4213 721 4289; x_wconf 53' lang='lat' dir='ltr'><strong>&amp;functi</strong></span> <span class='ocrx_word' id='word_1_245' title='bbox 739 4222 767 4270; x_wconf 86' lang='lat' dir='ltr'><strong>et</strong></span> <span class='ocrx_word' id='word_1_246' title='bbox 784 4218 959 4289; x_wconf 74' lang='lat' dir='ltr'><strong>superstitum</strong></span> <span class='ocrx_word' id='word_1_247' title='bbox 979 4219 1124 4275; x_wconf 80' lang='lat' dir='ltr'><strong>amicitiae.</strong></span> <span class='ocrx_word' id='word_1_248' title='bbox 1155 4217 1386 4295; x_wconf 61' lang='grc' dir='ltr'><em>στεφανοῦνταί</em></span> <span class='ocrx_word' id='word_1_249' title='bbox 1406 4221 1465 4298; x_wconf 82' lang='grc' dir='ltr'><strong>(νεί</strong></span> 
     </span>
     <span class='ocr_line' id='line_1_34' title="bbox 257 4301 1263 4383; baseline 0.011 -20"><span class='ocrx_word' id='word_1_250' title='bbox 257 4301 296 4382; x_wconf 83' lang='lat' dir='ltr'><strong>rr)</strong></span> <span class='ocrx_word' id='word_1_251' title='bbox 315 4323 381 4373; x_wconf 79' lang='grc' dir='ltr'><em>τινος</em></span> <span class='ocrx_word' id='word_1_252' title='bbox 402 4304 544 4364; x_wconf 85' lang='lat' dir='ltr'><strong>recentior</strong></span> <span class='ocrx_word' id='word_1_253' title='bbox 563 4314 606 4367; x_wconf 86' lang='lat' dir='ltr'><strong>est</strong></span> <span class='ocrx_word' id='word_1_254' title='bbox 625 4312 784 4383; x_wconf 87' lang='lat' dir='ltr'><strong>structura,</strong></span> <span class='ocrx_word' id='word_1_255' title='bbox 805 4307 873 4367; x_wconf 87' lang='lat' dir='ltr'><strong>huie</strong></span> <span class='ocrx_word' id='word_1_256' title='bbox 892 4318 989 4368; x_wconf 83' lang='lat' dir='ltr'><strong>tamen</strong></span> <span class='ocrx_word' id='word_1_257' title='bbox 1008 4309 1073 4368; x_wconf 88' lang='lat' dir='ltr'><strong>loco</strong></span> <span class='ocrx_word' id='word_1_258' title='bbox 1092 4310 1263 4374; x_wconf 77' lang='lat' dir='ltr'><strong>necessaria.</strong></span> 
     </span>
    </p>
   </div>
   <div class='ocr_carea' id='block_1_13' title="bbox 0 0 1636 4974">
    <p class='ocr_par' dir='ltr' id='par_1_13' title="bbox 0 0 1636 4974">
     <span class='ocr_line' id='line_1_35' title="bbox 0 0 1636 4974; baseline 0 3"><span class='ocrx_word' id='word_1_259' title='bbox 0 0 1636 4974; x_wconf 95' lang='lat' dir='ltr'><strong> </strong></span> 
     </span>
    </p>
   </div>
  </div>
 </body>
</html>
