3240 4964
297 370 359 434 536
841 366 967 420 addenda.

297 538 352 596 uisi
373 557 459 596 unum
478 536 623 594 bominem
648 554 771 612 eumque
796 536 892 612 ipsum
913 534 1112 593 Philemonem
1137 536 1246 593 duobus
1270 536 1331 594 illis
1356 557 1417 595 uno
1443 545 1518 614 post

297 632 420 689 alterum
445 630 602 688 bonoribus
628 631 763 689 functum.
804 629 905 705 Itaque
925 651 952 687 v.
977 631 990 687 1
1018 630 1056 687 ab
1086 630 1169 687 initio
1199 630 1333 706 generale
1362 633 1538 711 quoddam

296 724 376 782 velut
395 727 478 782 amici
498 725 542 782 vel
561 728 657 782 tutoris
679 723 850 783 vocabulum
870 722 1062 798 requirebam,
1082 742 1108 783 v.
1131 723 1148 780 2
1169 724 1343 782 adiectivum
1370 726 1517 783 vocabulo

296 806 465 896 σταχύεσσιν
495 818 657 877 addendum
689 816 879 893 postulabant
908 815 1024 891 linguae
1053 835 1172 893 graecae
1202 817 1292 894 leges3
1322 838 1348 877 v.
1370 818 1388 875 3
1410 829 1518 877 matres

296 913 485 985 Augustorum
500 912 666 969 dubitanter
681 910 775 981 intuli,
791 910 842 967 sed
857 909 892 966 cf.
908 928 996 986 supra
1011 930 1039 967 u.
1060 911 1131 968 1046
1142 930 1168 969 v.
1180 911 1216 969 56
1227 906 1366 990 Καίσαρος
1385 905 1515 989 ἰφθίμοιο

295 993 450 1082 παρόψεται
470 995 570 1081 iprum
591 999 679 1082 μήτηρ
699 1021 763 1059 cum
783 1021 848 1059 mea
868 1002 965 1061 adnot.
1007 1002 1148 1060 Faustina
1167 1003 1280 1074 dicitur,
1305 1004 1423 1061 Aurelii
1451 1024 1515 1063 ma-

294 1107 345 1167 ter,
360 1097 474 1156 Cereris
494 1099 589 1173 specie
608 1098 718 1169 induta,
738 1115 830 1172 neque
851 1115 938 1154 unam
959 1096 1048 1155 fuisse
1061 1097 1230 1155 Faustinam
1249 1097 1280 1155 in
1295 1096 1412 1156 Cereris
1427 1117 1517 1157 sacra

293 1191 516 1268 religionemque
536 1192 678 1250 adscitam
696 1197 799 1249 notum
819 1199 869 1249 est

293 1419 396 1479 8888.
436 1419 555 1495 Ephesi.
595 1418 694 1479 Wood
715 1393 905 1477 mereata.-
924 1421 1058 1494 Iascript.
1073 1421 1152 1492 from
1171 1419 1212 1476 tlte
1230 1422 1281 1475 site
1302 1421 1335 1493 os
1350 1420 1393 1476 tlte
1414 1422 1517 1496 temple

293 1515 327 1586 os
342 1514 441 1570 Diana
460 1532 488 1570 n.
510 1512 536 1573 7.

289 1630 468 1700 ‘Yuuutxdv
492 1635 674 1721 ποντίφικα
693 1631 869 1718 ’Υμμιδίου
892 1633 1086 1721 Κο[δράτου
1109 1635 1252 1722 andepo
1276 1636 1459 1724 κηδε[στὴν
1477 1687 1513 1702 ..

417 1888 585 1975 Παντοίης
608 1886 728 1974 ἀρετῆς
749 1882 914 1974 στάθμην,
937 1885 1135 1972 duniacum
1157 1878 1270 1973 ἀνδρα,

376 2045 380 2053 .
498 1986 610 2069 ἔξοχον
627 1984 799 2075 Ἑλλήνων,
823 1985 1005 2075 πρόκριτον
1027 1982 1218 2062 Adrastus,

418 2092 549 2155 κλεινοῦ
572 2087 762 2173 Κοόράσοιο
786 2088 886 2173 φίλον
908 2090 1037 2177 πατέρ’,
1063 2079 1089 2176 ᾦ
1111 2089 1283 2170 βασίλειον

498 2186 656 2277 Ἁρμονίη
677 2184 835 2268 θάλαμον
857 2185 975 2274 urigo&
999 2190 1051 2254 ἐπ’
1076 2184 1226 2276 εὐγαμίῃ.

355 2300 375 2362 5
413 2289 587 2379 Ἀδριανὸς
610 2286 785 2355 Μούσαισι
805 2289 915 2368 μέλων
937 2283 1082 2376 ἀνέθηκε
1104 2294 1282 2377 Σεουῆρον,

504 2389 584 2458 einai
603 2388 761 2477 χαλκείην
783 2385 901 2454 οὕνεκα
924 2388 1142 2476 προσσασίης.

417 2490 508 2581 idaia
529 2495 583 2581 d']‚
608 2482 856 2576 drdpee'lwvag,
881 2483 1056 2575 ἀγάλματα
1080 2490 1182 2557 καλὸν
1204 2486 1353 2574 ὁρᾶσθαι

503 2589 646 2678 ἓστα]ότ’
670 2586 876 2677 [Ἀρτέμιδος
898 2590 1045 2677 πλ]ησι’ῳ
1069 2590 1101 2655 ἐν
1123 2593 1259 2674 τεμένει.

368 2732 413 2790 De
437 2729 583 2788 meidio
608 2728 758 2803 Quadrato
782 2727 901 2803 eiusque
924 2734 1008 2803 patre
1034 2727 1141 2787 Severo
1166 2747 1241 2804 quae
1266 2725 1320 2784 Th.
1341 2729 1513 2791 Mommsen

291 2824 559 2884 benevolentissime
576 2822 606 2879 in
624 2840 719 2879 meam
737 2822 859 2898 gratiam
877 2821 1000 2897 conlegit
1018 2823 1118 2898 paucis
1138 2822 1315 2898 conplectar3
1336 2822 1513 2885 mauranus

292 2919 369 2976 enim
401 2936 517 2994 sperare
546 2916 615 2974 licet
639 2915 701 2972 fore
724 2922 758 2973 ut
780 2916 843 2991 ipse
872 2915 916 2972 vir
946 2934 1074 2973 summus
1103 2935 1164 2972 rem
1188 2914 1334 2972 difficilem
1359 2934 1430 2974 mox
1458 2938 1513 2977 ex·

291 3020 390 3087 ponat.
431 3009 538 3070 Docuit
551 3009 639 3086 igitur
653 3008 686 3068 C.
701 3007 880 3067 meidium
893 3008 1075 3082 Quadratum
1094 3001 1317 3085 intellegendum
1335 3026 1402 3066 esse
1421 3011 1465 3086 (v.
1479 3013 1512 3088 3)

291 3104 437 3162 consulem
458 3123 484 3161 a.
508 3104 571 3177 118,
592 3102 757 3161 meidiae
777 3101 976 3175 Quadratillae
996 3113 1128 3178 nepotem
1149 3101 1238 3177 (Plin.
1260 3104 1337 3175 aput.
1356 3100 1416 3161 VH
1438 3104 1511 3180 24);

291 3199 352 3256 eins
372 3208 495 3274 patrem,
515 3197 596 3255 euius
617 3214 774 3273 cognomen
794 3215 830 3252 ex
855 3196 1060 3272 epigrammate
1085 3196 1211 3271 primum
1234 3195 1421 3268 innotuisset,
1449 3199 1510 3257 for·

292 3303 368 3351 tasse
388 3291 422 3349 L.
438 3289 574 3350 Catilium
594 3286 731 3350 Severum
753 3304 817 3346 esse
836 3306 894 3347 cos.
915 3289 942 3345 11
963 3308 989 3346 a.
1014 3289 1076 3363 120,
1097 3308 1155 3365 quo
1179 3289 1304 3365 probato
1328 3290 1417 3346 simul
1438 3311 1509 3349 con·

290 3386 367 3445 cludi
378 3404 464 3462 posse
473 3383 588 3442 titulum
598 3403 660 3442 cum
672 3382 791 3441 alterius
801 3382 966 3440 consulatus
982 3383 1089 3440 mentio
1103 3403 1159 3440 non
1171 3383 1251 3440 fieret
1261 3391 1328 3439 ante
1343 3401 1368 3440 a
1385 3383 1442 3441 120
1453 3403 1509 3460 po·

290 3480 377 3556 situm
387 3497 458 3537 esse.
481 3477 623 3551 Quadrati
636 3496 718 3548 uxor,
733 3495 806 3554 quae
817 3477 896 3552 regia
910 3476 1000 3551 stirpe
1012 3483 1082 3534 nata
1095 3477 1278 3554 praedicatm
1291 3494 1318 3531 v.
1334 3475 1361 3548 3,
1378 3474 1507 3536 Momm·

291 3574 372 3631 senio
401 3572 515 3629 videtur
539 3572 715 3630 Asianorum
744 3570 864 3629 alicuius
894 3588 992 3641 regum
1016 3569 1078 3626 filia
1101 3570 1198 3627 fuisse.
1244 3566 1368 3627 Honoris
1395 3569 1507 3632 Severo

291 3676 435 3723 auctorem
453 3665 648 3741 carminisque
667 3665 834 3741 scriptorem
853 3665 948 3740 ipsum
967 3681 1029 3720 esse
1040 3662 1221 3720 Hadrianum
1234 3662 1389 3720 Caesarem
1405 3674 1506 3740 patet3

290 3778 363 3834 quae
382 3776 430 3816 res
454 3776 488 3815 eo
513 3756 729 3814 memorabilior
752 3769 795 3816 est
820 3757 897 3833 quod
920 3755 1041 3814 Catilius
1064 3756 1114 3814 ille
1135 3754 1260 3816 Severus
1278 3754 1433 3815 Hadriano
1459 3761 1507 3819 in-

289 3859 409 3926 perante
426 3870 549 3928 magnae
563 3850 608 3906 vir
623 3851 801 3909 auctoritatis
818 3856 847 3909 et
861 3848 1012 3925 conplures
1027 3868 1120 3908 annos
1136 3850 1200 3907 urbi
1214 3847 1377 3926 praefectus
1400 3863 1507 3926 postea

289 3943 385 4019 gratia
404 3943 512 4001 excidit
531 3961 780 4017 successoremque
799 3943 917 4018 accepit.
938 3975 975 3987 -
995 3942 1012 3998 2
1033 3942 1068 3999 cf.
1089 3961 1177 4018 supra
1197 3942 1234 3999 ad
1253 3961 1280 3999 n
1303 3941 1369 4001 272.
1412 3943 1506 4004 Onni-

288 4036 347 4093 cias
366 4036 460 4110 ipsum
476 4034 658 4092 Hadrianum
678 4036 818 4093 acuminis
836 4034 910 4092 illud
929 4035 1053 4111 primum
1074 4036 1227 4108 iuvenisse,
1248 4044 1279 4092 ut
1297 4053 1399 4094 omnes
1421 4041 1505 4098 orbis

288 4135 430 4186 terrarum
463 4136 562 4202 gentes
595 4127 708 4186 duobus
747 4127 792 4185 his
826 4128 989 4186 nominibus
1026 4128 1203 4187 Graecorum
1237 4136 1265 4184 et
1299 4127 1506 4191 Romanorum

288 4218 532 4296 conplecteretur
559 4219 681 4279 Severm
701 4219 789 4296 igitur
808 4240 865 4279 uon
886 4219 1065 4280 Graecorum
1089 4221 1288 4280 nobilissimus
1310 4223 1506 4296 praedicatur

288 4313 360 4389 (nou
379 4313 455 4371 enim
474 4311 528 4370 fuit
542 4309 686 4388 Graecus)
706 4320 736 4371 et
748 4311 945 4372 Romanorum
959 4314 1102 4390 princeps,
1122 4314 1174 4372 sed
1187 4314 1315 4372 omnium
1329 4319 1506 4380 mortalium
