3270 4994
215 391 249 445 ll.
274 389 384 446 bornum
396 392 424 444 st
436 372 552 444 virorum
564 389 695 443 clarorum
709 393 884 445 monumenta
896 389 1025 445 artificum
1038 390 1187 461 ardomquo
1199 390 1280 446 tituli.
1299 389 1362 457 489

269 576 279 591 ·
307 553 338 622 ci
360 557 389 621 δ’
411 546 505 643 ἦσθα
527 549 709 634 ἀθάνατος,
733 558 806 635 πῶς
827 553 861 621 ἐν
883 558 1023 642 θνητοῖς
1046 579 1084 622 σε
1106 552 1329 642 sincinnium,

378 648 418 723 οὗ
439 654 487 737 μὰ
510 654 548 722 σὲ
569 654 668 721 roto*
684 656 790 742 ἐχρῆν,
815 655 913 739 σεμνὲ
936 649 1072 742 ποιητά,
1095 662 1240 745 φρονεῖν·

309 752 380 824 ἀλλ’
404 752 505 841 ἔγνων
526 755 566 823 τὰ
588 751 727 844 ἀληθές,
751 758 825 824 ἐπεὶ
847 758 885 824 τὸ
907 757 1015 843 σαφὲς
1037 752 1223 845 διαφεύγει·

381 850 566 944 ἄνθρωπόν
589 878 702 942 φασιν,
729 857 805 924 θεῖὲ
826 881 864 924 σε
878 853 1018 945 Ὅμηρε,
1042 857 1166 925 πέλειν.

226 995 355 1055 Litterae
375 995 523 1071 vulgarem
548 1010 572 1052 11
592 994 708 1053 saeculo
728 1015 786 1053 non
805 996 951 1072 antiquior
969 997 1129 1073 inscriptio,
1149 997 1175 1055 si
1194 998 1312 1073 quidem
1331 999 1362 1058 in

147 1090 301 1148 Menandri
320 1089 406 1148 titulo
427 1091 469 1162 (v.
483 1089 567 1165 seq.),
588 1089 638 1165 qui
657 1098 689 1147 ut
709 1090 808 1148 eodem
829 1090 893 1149 loco
913 1091 1024 1167 positus
1044 1091 1086 1149 ita
1105 1091 1206 1150 eodem
1232 1097 1363 1169 tempore

148 1184 186 1242 ab
206 1184 308 1242 eodem
327 1195 414 1261 poeta
434 1184 559 1260 scriptus
580 1191 609 1241 et
628 1183 666 1242 ab
687 1185 791 1243 eodem
811 1184 958 1261 lapidario
978 1184 1108 1261 sculptus
1128 1192 1181 1259 est,
1201 1187 1302 1245 dativo
1316 1182 1362 1266 ῲί·

147 1277 188 1357 λῳ
203 1278 244 1354 (v.
261 1278 302 1353 1.)
322 1277 383 1336 iota
403 1296 462 1335 non
481 1276 610 1336 additum
631 1287 682 1338 est.
714 1277 868 1336 Aelianum
889 1269 945 1358 περὶ
966 1265 1041 1346 ζιίων
1061 1277 1232 1355 scriptorem
1254 1280 1362 1339 utrum·

148 1389 203 1446 que
223 1370 326 1430 iecisse
346 1371 526 1449 epigramma
546 1391 645 1430 omnes
665 1372 726 1432 iere
746 1372 942 1445 crediderunt,
968 1391 1092 1448 quorum
1115 1391 1185 1431 sane
1209 1375 1264 1433 hoc
1282 1374 1363 1433 favet

147 1465 285 1542 opinioni,
307 1467 385 1542 quod
407 1483 508 1524 versus
528 1458 692 1542 pedestrem
713 1465 809 1543 magis
829 1486 917 1542 quam
937 1467 1083 1543 poeticum
1103 1484 1266 1526 sermonem
1289 1468 1362 1526 resi·

146 1559 240 1637 piunt.
280 1560 437 1618 Aelianum
458 1565 566 1632 tamem
587 1559 637 1634 qui
657 1560 685 1618 in
707 1559 902 1619 bibliothecae
922 1579 991 1619 suae
1012 1559 1154 1618 vestibulo
1174 1561 1289 1620 hermas
1309 1580 1362 1638 po·
1393 1585 1397 1591 ·
1511 1572 1514 1577 “

146 1654 213 1725 suit,
238 1654 359 1712 eundem
384 1655 512 1713 carmina
532 1652 636 1712 iecisse
663 1653 766 1712 docent
790 1654 870 1712 tituli
894 1654 1012 1713 alterius
1032 1674 1078 1713 vv.
1093 1656 1186 1730 9sqq.
1226 1654 1362 1714 Ceterum

146 1767 183 1806 ex
203 1747 316 1807 schedis
337 1749 479 1807 vaticanis
500 1745 613 1824 Ligurii
633 1747 763 1806 notitiam
790 1749 936 1824 protraxit
956 1747 1093 1806 Welclrer
1114 1749 1190 1806 Mus.
1211 1750 1265 1807 Rs.
1289 1750 1362 1808 1845

146 1840 189 1899 III
204 1842 271 1916 466,
292 1840 443 1902 Menandri
458 1861 516 1900 una
535 1859 599 1898 cum
615 1840 737 1900 Homeri
756 1840 885 1900 hermam
905 1848 1052 1918 repertum
1066 1860 1129 1900 esse
1143 1843 1174 1899 in
1187 1842 1259 1899 villa
1273 1840 1360 1900 Olau-

146 1935 188 1993 dii
208 1933 358 1994 Valeriani
383 1935 497 1995 Aeliani
523 1935 722 2007 Praenestini,
748 1941 817 1994 tunc
839 1936 937 1994 Cocalo
961 1936 992 1992 di
1022 1932 1175 1992 Valeriano
1199 1936 1362 2006 nominata3

146 2047 220 2104 quae
240 2048 298 2106 qua
321 2029 379 2090 fide
399 2030 490 2106 digna
508 2029 567 2087 sint
587 2029 693 2088 nescio.
718 2063 755 2073 -
775 2027 905 2085 Primum
925 2030 1104 2106 epigramma
1123 2028 1222 2104 paucis
1243 2029 1361 2087 mutatis

146 2122 296 2199 Antipatri
317 2122 429 2182 Sidonii
455 2129 501 2181 est
520 2124 556 2182 A.
578 2121 611 2183 P.
632 2123 688 2182 Vll
709 2124 735 2182 6.
755 2155 793 2166 —
815 2124 830 2179 l
852 2112 985 2201 μακοίρων
1005 2117 1038 2180 δέ
1055 2121 1154 2182 codex.
1171 2156 1208 2166 -
1225 2113 1359 2180 t‘nttd-

145 2239 193 2274 νων
213 2216 296 2297 βιοτᾷ
315 2217 420 2283 codex,
446 2216 492 2274 cui
520 2216 598 2292 quod
620 2218 759 2275 Aelianus
780 2203 859 2289 δίξης
880 2215 1031 2272 substituit
1049 2233 1115 2273 cum
1139 2216 1277 2274 obscurus
1299 2215 1360 2273 deri

144 2320 291 2369 vereretur
316 2311 434 2389 ineptus
460 2310 556 2368 factus
581 2316 635 2368 est.
675 2310 780 2368 Melius
805 2315 893 2385 poeta
918 2325 951 2365 1v
975 2308 1084 2367 saeculi
1109 2327 1198 2385 supra
1222 2329 1248 2365 n.
1264 2309 1360 2382 906,6

143 2399 222 2479 γαίης
239 2399 388 2484 Ἰλλυρίδος
409 2391 532 2483 δειίτερον
552 2402 645 2478 ἠέλιον.
669 2437 707 2448 -
728 2407 744 2462 3
765 2405 886 2462 Μουσῶν
906 2403 1005 2477 codex,
1027 2404 1105 2480 quod
1125 2423 1162 2461 ex
1181 2402 1279 2479 lapide
1298 2421 1360 2460 cor-

144 2499 303 2577 rigendum.
316 2534 353 2543 -
367 2486 504 2578 διγιίρατον
524 2499 616 2557 codex
637 2508 665 2556 et
684 2499 771 2575 lapis,
791 2505 928 2573 certaque
948 2498 1059 2556 ratione
1079 2497 1134 2556 boc
1154 2507 1182 2555 et
1202 2498 1360 2573 Antipatro

144 2603 173 2652 et
192 2594 259 2653 aliis
278 2593 378 2652 multis
398 2594 493 2670 poetis
514 2593 724 2652 restituendum
744 2602 795 2665 est,
823 2592 859 2650 ci.
879 2592 925 2652 ud
948 2611 975 2648 n.
991 2593 1057 2665 547,
1072 2593 1097 2650 3.
1119 2626 1157 2635 -
1178 2591 1360 2667 4Antipatri
1482 2639 1494 2659 ,

144 2707 245 2748 versus
266 2678 375 2762 παντίς,
396 2682 545 2767 δλιρροθία,
566 2685 641 2762 ξεῖνε,
662 2685 778 2747 κέκευθε
798 2676 865 2754 κδνις
884 2705 920 2743 ex
940 2705 1035 2743 rernm
1048 2686 1217 2744 necessitate
1231 2690 1360 2743 mutatus

144 2791 197 2855 est,
218 2789 248 2841 et
267 2783 340 2842 satis
360 2783 477 2858 quidem
499 2781 589 2854 male;
610 2781 709 2859 paullo
728 2781 833 2840 melius
853 2780 1018 2855 scripsisset
1036 2776 1100 2861 δρᾷς
1113 2770 1213 2837 τούτου
1232 2774 1360 2837 δαίδαλον

144 2874 306 2955 ἀρχέτυπον,
326 2877 361 2937 cf.
388 2877 424 2935 A.
445 2876 508 2935 Pal.
530 2875 606 2935 XVI
627 2876 685 2951 (ed.
705 2875 786 2950 Par.)
811 2877 861 2933 151
885 2870 1037 2955 νἰρχέπιιιον
1057 2869 1155 2941 Διδοῦς
1175 2868 1317 2952 ἐρικυδέος,
1337 2863 1363 2930 oi

146 2968 211 3043 ξένε,
232 2958 359 3038 λείπεις
380 2956 476 3028 statvs.
499 3005 532 3015 -
556 2970 573 3027 t
595 2969 756 3029 Homerum
776 2971 1033 3049 grammaticorum
1053 2967 1290 3028 altercationibus
1310 2967 1360 3026 de-

146 3062 301 3136 fatigatum
314 3062 438 3138 patriam
453 3071 606 3138 ortumque
619 3063 746 3122 indicare
758 3072 938 3124 recusantem
952 3063 1037 3122 multi
1051 3064 1206 3129 finxerunt,
1225 3061 1260 3120 cf.
1276 3065 1312 3121 A.
1327 3060 1360 3122 P.

145 3153 221 3214 XVI
241 3153 298 3231 (ed.
320 3153 405 3230 Par.)
426 3153 492 3226 299,
513 3153 668 3230 pluresque
687 3157 789 3214 eadem
808 3159 869 3215 fere
889 3157 1002 3215 ratione
1028 3176 1086 3232 qua
1105 3154 1246 3214 Aeflanus
1272 3174 1359 3230 quae-

146 3250 269 3308 stionem
290 3247 451 3320 solvebant,
472 3246 507 3304 cf.
529 3246 595 3305 ibid.
617 3247 673 3307 295
695 3246 724 3305 ni
745 3238 800 3328 γδρ
821 3246 874 3327 ἔφυ
895 3238 992 3328 χθονδς
1006 3244 1088 3325 ἔργον·
1103 3246 1150 3306 δι’
1162 3245 1269 3328 αἰθέρος
1284 3241 1363 3308 ἄλλοί

147 3343 159 3402 ἑ
177 3344 292 3402 Μοῦσαι
312 3339 440 3420 πέμψαν,
458 3333 489 3397 ἵν’
509 3333 626 3418 ἡμερίοις
648 3336 722 3419 δθρα
743 3332 852 3412 ιιοθητδ
873 3339 950 3419 φέροι
970 3347 1000 3399 et
1019 3339 1076 3398 296
1098 3330 1190 3418 πιίτρα
1217 3362 1258 3399 σοι
1282 3341 1360 3401 τελέ-

147 3438 189 3497 θει
209 3435 300 3516 μέγας
320 3422 439 3513 οὐρανίς,
459 3432 490 3491 ἐκ
510 3428 539 3491 dl
558 3423 693 3499 venturas
715 3429 744 3489 οὔ
766 3432 884 3505 θνατοῖς,
910 3422 1015 3510 ματρδς
1042 3427 1066 3489 δ’
1092 3428 1170 3490 ἔπλεο
1189 3424 1359 3504 Καλλιίπας.

146 3564 184 3576 -
205 3530 299 3606 9sqq.
319 3528 355 3587 ci.
376 3529 413 3585 A.
433 3525 466 3587 P.
487 3525 558 3585 XVI
579 3526 635 3602 (ed
657 3524 737 3601 Pur.)
758 3526 813 3583 301
836 3522 858 3583 εἰ
877 3517 940 3593 θείς
961 3524 1033 3583 ἐστιν
1047 3512 1229 3604 ’Ὄμηροςέν
1254 3518 1360 3586 δθανιί-

146 3646 214 3684 τοιοι
236 3621 387 3702 σεβέσθω,
401 3617 423 3679 εἶ
442 3615 468 3679 δ’
488 3612 529 3678 αὖ
546 3610 586 3700 μὴ
606 3606 669 3686 θἐίς
689 3617 764 3692 ἔστι,
790 3617 944 3697 νομιζέσθω
969 3608 1032 3686 θεδς
1057 3614 1294 3677 sivan-1201}
1317 3610 1360 3690 μδ

148 3718 182 3778 σέ
200 3738 251 3795 per
270 3717 368 3795 ipsum
389 3715 550 3772 Homerum
570 3714 670 3773 iurans
690 3712 774 3771 deum
795 3731 860 3772 esse
880 3714 1080 3791 significat-
1098 3714 1134 3770 14
1146 3714 1279 3773 bornincm
1298 3719 1359 3790 qai-

147 3816 208 3872 denr
229 3823 253 3871 ta
267 3811 447 3888 praedicant,
468 3818 500 3865 ot
519 3809 652 3882 divinum,
674 3826 761 3883 quam
781 3809 955 3867 sententiam
976 3815 1062 3884 poeta
1074 3825 1134 3865 non
1147 3815 1288 3884 apertam,
1308 3810 1360 3868 sed

147 3924 247 3965 veram
258 3905 383 3977 citasse,
399 3913 546 3979 tamquam
557 3923 593 3962 ex
603 3901 711 3960 oraculi
722 3901 849 3960 tenebris
863 3903 1045 3975 extricatam,
1056 3902 1092 3959 cf.
1104 3903 1142 3962 A.
1152 3901 1188 3962 P.
1202 3903 1221 3960 1.
1232 3922 1255 3964 s.
1269 3922 1290 3962 r.
1302 3902 1359 3964 296

147 3998 170 4058 εἰ
189 3994 222 4058 δέ
238 4021 276 4077 με
296 3993 399 4076 Φοίβου
419 3984 470 4076 χρὴ
491 3994 569 4071 λέξαι
589 3984 698 4063 πινυτδς
719 3984 845 4073 apostol
865 3985 1171 4074 μαντοσύνας-πέτρα
1193 4016 1234 4055 σοι
1252 3997 1360 4058 τελέθει

147 4091 238 4172 μέγας
259 4083 367 4172 οὔρανίς
380 4091 451 4153 κτλ’.
