3270 4994
252 395 316 459 470
722 389 922 460 Epigrammata
938 390 1019 444 varia

253 561 353 621 Herm.
377 563 463 640 Orpl.
485 562 593 636 Arpos.
617 559 682 620 262.
697 593 718 604 -
750 560 788 618 54
808 513 949 636 Cecropis
968 559 1043 619 filias
1063 561 1118 620 etsi
1138 561 1301 620 sacerdotes
1321 560 1472 620 Minervae

138 694 143 701 -
253 657 342 716 luisse
361 675 418 715 non
438 657 579 716 traditum
600 662 657 727 est,
684 654 769 713 facile
788 659 886 712 tamur
906 654 975 714 inde
999 655 1056 713 sihi
1080 654 1189 730 fingere
1213 664 1348 731 poteraut
1370 674 1471 713 recen·

253 751 349 823 tiores,
370 751 447 826 quod
466 750 525 808 illis
545 750 601 808 des
614 747 836 806 Erichthonium
855 748 1075 807 custodiendum
1089 748 1218 807 dederat
1249 746 1358 806 Hersen
1372 753 1471 807 autem

252 845 308 903 hoc
333 845 396 903 loco
420 845 521 903 eadem
546 861 604 919 qua
628 859 719 917 supra
743 862 769 901 v.
785 840 823 900 32
848 842 962 900 ratione
987 840 1135 901 Pandrosi
1161 848 1261 919 partes
1285 861 1370 919 agere
1399 851 1472 919 puto

164 1006 166 1008 ,
252 941 361 1017 quippe
380 958 456 1016 quae
475 938 539 998 sola
558 937 649 996 cistae
668 953 775 994 arcano
795 953 853 992 non
872 936 1006 1012 iuspecto
1026 937 1099 994 deae
1117 936 1241 1013 gratiam
1260 936 1317 995 sibi
1336 934 1470 994 servarit

253 1065 289 1078 -
301 1033 339 1092 56
359 1023 461 1112 ἕμιινιιι
481 1030 597 1092 Cereris
616 1048 774 1106 cognomen
794 1038 848 1102 est,
869 1028 948 1106 quod
968 1047 1033 1087 cum
1054 1049 1112 1089 uon
1132 1029 1408 1089 animadvertissent
1425 1028 1470 1086 in-

255 1136 399 1205 terpretes
419 1127 584 1186 Domi-tiam
604 1123 718 1183 Aurelii
738 1129 862 1181 matrem
886 1122 1101 1201 intellegebant.
1140 1124 1180 1182 At
1199 1120 1289 1183 Ocres
1313 1123 1369 1181 hoc
1393 1131 1472 1181 certe

253 1224 317 1282 loco
337 1242 395 1281 non
414 1228 514 1299 potest
533 1219 592 1279 alia
611 1236 675 1277 esse
694 1218 751 1276 nisi
771 1217 838 1294 ipsa
850 1216 1004 1290 Faustina,
1025 1236 1099 1294 quae
1118 1217 1228 1293 optime
1241 1216 1355 1276 Aurelii
1374 1223 1472 1276 mater

253 1316 396 1394 adpellari
416 1315 522 1392 potuit.
563 1312 613 1374 Sic
639 1311 770 1389 procedit
794 1311 954 1370 sententia:
985 1311 1055 1369 nolit
1077 1331 1138 1370 cam
1163 1313 1312 1387 dedipncri
1331 1311 1472 1370 Faustina

253 1412 321 1482 dea3
350 1427 437 1484 nsque
463 1411 534 1467 caim
554 1408 684 1466 moereo
710 1406 822 1464 Hersen
847 1424 897 1464 aec
920 1405 1020 1463 Diana
1043 1406 1217 1481 Iphipsaiom
1241 1406 1393 1480 dcdipnata
1416 1415 1473 1464 est:

253 1507 294 1562 sic
312 1521 362 1561 acc
382 1503 523 1560 Famam
543 1510 663 1559 oeta-am
682 1500 861 1558 heroicarum
880 1501 1050 1557 άοοοὶιιοιήο
1068 1499 1205 1574 Regillum
1227 1508 1338 1576 speram
1362 1501 1471 1573 mpori·

254 1597 348 1655 orihtts
367 1597 484 1655 heroicas
504 1596 650 1653 adscitum.
670 1627 709 1637 —
730 1593 767 1651 59
788 1609 877 1651 arsut
898 1594 987 1671 lapis;
1007 1595 1069 1652 iota
1088 1593 1224 1652 abundet.
1243 1625 1282 1637 -
1301 1593 1336 1650 71
1354 1591 1470 1651 Gallim.

254 1692 345 1767 Ιηνιοιι.
374 1690 466 1749 Cerer.
493 1688 531 1746 47
556 1676 611 1757 ὅτις
636 1675 671 1746 rd
698 1685 798 1748 θεοῖσιν
822 1684 946 1765 ἀνειμένοι
971 1684 1080 1768 dhdpsa
1105 1674 1220 1756 κίπτοις.
1242 1721 1278 1731 -
1300 1689 1337 1747 76
1361 1678 1405 1766 pasl
1421 1708 1472 1746 τωι

254 1777 369 1858 νηίιοινον
389 1783 452 1842 scil.
473 1779 536 1841 εῒνοιι
562 1782 608 1841 vel
633 1778 756 1842 dosches
778 1814 813 1824 —
836 1783 872 1840 77
894 1779 997 1863 ἀτρεῒες
1021 1801 1075 1858 pro
1101 1779 1198 1861 ιἰτρῆες
1218 1783 1370 1859 scriptum,
1396 1781 1472 1840 sicut

255 1899 281 1937 v.
296 1879 333 1937 96
354 1866 416 1935 νειο’ν
435 1896 490 1954 pro
510 1867 575 1951 vach.
616 1876 793 1936 Accusativc
819 1872 905 1953 ἆτρίοι
930 1893 1000 1935 usus
1025 1882 1071 1935 est
1091 1875 1244 1953 Euphorio
1263 1876 1297 1937 ir.
1312 1876 1349 1935 95
1370 1875 1471 1947 idcina

253 1973 290 2031 cf.
317 1990 407 2048 supra
432 1990 460 2028 u.
476 1968 533 2028 222
558 1960 582 2028 oi
606 1962 703 2049 μοίρας
727 1959 847 2048 drprlrau
874 1965 1080 2048 ιὶνονγιιοιοτῆρες
1106 1959 1244 2047 ἄτρακτοι.
1264 2004 1302 2014 -
1322 1970 1360 2030 89
1381 1986 1419 2027 εκ
1443 1968 1471 2028 ἒν

254 2085 307 2142 pro
327 2066 353 2134 ἒς
372 2065 501 2143 positum
525 2083 588 2124 esse
608 2083 693 2121 nemo
711 2082 777 2123 cum
799 2061 943 2123 Salmasic
962 2064 1071 2135 credet3
1097 2061 1134 2122 et
1157 2053 1247 2123 ιῖλοεο
1267 2065 1380 2138 laccho,
1401 2064 1471 2123 iaci·

253 2160 310 2218 lius
330 2158 427 2218 Franz
446 2159 489 2219 ἐπ’
510 2157 642 2230 coniecit,
668 2176 743 2233 quae
759 2157 938 2234 praepositio
957 2146 1033 2217 κοντοὶ
1056 2146 1137 2217 κοινο’ν
1156 2159 1194 2218 ad
1214 2149 1311 2238 ὄρχους
1331 2169 1359 2218 et
1378 2149 1472 2218 ιῖλοοιι

256 2259 285 2312 et
305 2249 377 2327 ποίην
395 2252 548 2312 referenda
567 2257 620 2310 cst
641 2285 680 2296 -
701 2251 738 2310 84
758 2265 859 2309 ruane
878 2270 936 2328 quo
963 2261 1079 2311 servato
1098 2252 1256 2313 Salmasius
1281 2272 1403 2331 eumque
1426 2271 1473 2312 se-

252 2347 311 2406 cuti
331 2345 383 2403 alii
404 2341 646 2438 διψῇ-μακέλλην
665 2344 852 2421 scripserunt.
893 2347 936 2404 At
960 2346 1071 2405 erravit
1098 2347 1224 2425 lapicida
1243 2347 1332 2406 latina
1351 2346 1473 2405 former

252 2460 308 2517 pro
327 2459 431 2518 graeca
450 2457 466 2498 n
487 2441 600 2517 posita,
628 2446 663 2498 ut
682 2456 771 2514 supra
790 2457 817 2496 v.
833 2439 869 2496 33
891 2455 995 2497 xnrrx.
1017 2473 1055 2483 —
1076 2441 1113 2499 83
1133 2434 1230 2519 χλωροὶ
1255 2438 1374 2501 θέουσαν
1398 2439 1473 2498 satis

252 2536 325 2594 mire
344 2535 453 2594 dictum
471 2534 613 2611 exemplis
632 2534 803 2592 confirmare
821 2552 879 2592 non
899 2551 983 2608 queo.
1004 2567 1042 2577 -
1063 2534 1099 2592 87
1121 2550 1253 2595 εκΓεΝοε
1273 2535 1353 2611 quod
1371 2535 1472 2594 nescio

254 2650 292 2689 an
312 2628 493 2707 probandum
514 2629 552 2687 sit
571 2629 615 2687 ita
634 2627 773 2703 scriptum
794 2618 840 2685 acl
861 2626 893 2686 ἒιι
911 2625 986 2702 γένος
1006 2619 1165 2706 ἑοοιίμενοιο
1185 2633 1234 2704 qai
1247 2634 1304 2688 eirca
1317 2634 1367 2706 qui
1376 2635 1472 2705 possit

249 2723 343 2797 proles
369 2733 416 2782 est.
437 2754 474 2765 -
500 2722 538 2783 89
564 2738 661 2781 εετων
688 2721 784 2780 sched.
812 2719 1019 2781 Holsteniauae
1043 2722 1223 2782 Barherinae
1247 2724 1327 2782 solae
1352 2739 1471 2797 εισιων,

253 2816 332 2892 quod
358 2816 491 2891 quamvis
516 2825 660 2875 structura
686 2815 765 2874 haud
791 2815 929 2892 expedita
954 2836 1055 2875 verum
1082 2817 1208 2876 videtur:
1238 2821 1340 2876 ιιοιιιὲοιο·
1368 2837 1472 2894 aprum

254 2911 343 2968 colere
363 2910 468 2966 licitam
487 2919 558 2981 ceto,
579 2918 693 2984 praeto
716 2928 762 2967 sos
780 2913 829 2985 qai
852 2911 886 2967 dc
911 2911 1004 2968 eodem
1021 2929 1120 2985 psam
1138 2914 1200 2970 nati
1222 2916 1276 2971 sint
1296 2912 1353 2987 (hie
1377 2923 1472 2972 acm

253 3022 309 3060 aon
332 3003 496 3079 inlicitum);
524 3022 591 3061 nam
610 3007 636 3061 ai
658 3007 719 3079 qais
737 3005 855 3077 fecerit,
882 3005 920 3062 cis
943 3005 1017 3061 tator
1040 3007 1152 3080 quidum
1181 3010 1225 3064 res·
1252 3010 1379 3065 conscias
1409 3011 1469 3066 crit.

254 3096 299 3156 cf.
321 3095 355 3156 G.
376 3096 398 3156 l.
421 3097 458 3156 26
478 3089 589 3176 μοι’ριυς
609 3089 715 3174 deltam
730 3091 848 3157 Ἐνοδῖιι.
869 3130 907 3140 -
928 3096 965 3156 89
985 3113 1211 3158 reeuxoomoa
1228 3089 1393 3179 'Emblonos
1413 3101 1468 3180 βω

254 3190 337 3265 cilia
357 3190 485 3250 clausula
504 3191 651 3251 homerica
670 3210 707 3249 ex
726 3190 828 3250 eodem
848 3191 912 3250 loco
931 3191 980 3264 (ll.
994 3192 1024 3250 Y
1038 3193 1110 3269 219)
1130 3193 1294 3270 desumpta,
1321 3196 1397 3254 unde
1416 3198 1469 3255 do·

252 3285 376 3343 ctrinam
395 3292 485 3362 poeta
503 3287 639 3345 hauserat
658 3305 685 3345 v.
701 3286 738 3344 38
748 3304 829 3361 sqq.;
858 3286 970 3361 absque
988 3286 1045 3345 hoc
1064 3286 1154 3359 forst,
1179 3287 1282 3348 melius
1301 3300 1378 3350 certe
1397 3292 1469 3351 sori·

253 3379 360 3456 psisset
384 3371 431 3438 nel
455 3369 511 3461 γιὶρ
532 3366 697 3460 Ἐριχθόνιὸν
723 3382 783 3439 ποτ’
805 3371 939 3453 Ἀθηναίη
964 3379 1097 3458 βασιλῆα.
1141 3379 1203 3439 Pro
1231 3404 1262 3442 τε
1292 3404 1361 3446 vero
1390 3387 1469 3463 quod

252 3474 321 3533 ferri
342 3474 450 3551 nequit,
469 3474 569 3534 Herm.
595 3474 681 3551 Orph.
703 3494 730 3551 p.
746 3473 802 3532 738
829 3471 860 3544 oi,
880 3471 985 3533 lacobs
1010 3495 1058 3556 περ
1078 3476 1223 3552 reposuit,
1249 3477 1357 3553 quibus
1381 3499 1468 3558 prac-

252 3569 307 3627 tuli
328 3569 404 3646 quod
425 3567 585 3644 simplicius
607 3568 758 3628 videbatur
777 3586 841 3627 esse
862 3567 930 3626 ποτ’.
942 3568 1028 3627 -90
1048 3572 1101 3650 νηηῒ
1119 3570 1139 3629 'a
1160 3589 1184 3631 e.
1207 3570 1378 3646 Erechtheo,
1399 3593 1468 3633 uam

253 3662 430 3720 Erechtheus
450 3673 479 3720 et
492 3662 701 3721 Erichthonius
720 3663 777 3722 duo
798 3661 928 3721 eiusdem
941 3662 1068 3722 hominis
1082 3665 1200 3724 uomina
1213 3672 1288 3724 sunt.
1300 3699 1336 3709 -
1348 3665 1386 3724 93
1397 3686 1467 3727 con·

252 3755 349 3813 ferunt
373 3743 584 3828 πολιίπλογκτον
609 3743 753 3834 ιἰλοίοτοροι
778 3756 868 3830 hmo.
898 3755 985 3832 Orph.
1007 3757 1054 3832 ta,
1065 3759 1092 3817 9.
1136 3757 1260 3818 Rhombi
1285 3777 1391 3819 nomeu
1415 3780 1467 3820 ex·

253 3847 342 3923 plicat
363 3849 482 3907 verbum
501 3837 654 3923 subindicat
674 3870 700 3906 v.
715 3867 775 3925 seq.
797 3881 832 3892 —
854 3848 892 3909 95
913 3848 1039 3928 Triopas
1059 3850 1241 3912 Callimacho
1262 3853 1302 3929 (h.
1318 3852 1379 3912 Car.
1396 3855 1468 3932 100)

252 3938 382 4018 Neptuni
407 3949 436 4000 et
459 3940 588 4002 Canaces
613 3942 744 4002 Aeolidis
769 3942 847 4002 lilius
872 3953 930 4018 est,
956 3952 1040 4021 pater
1064 3946 1288 4023 Erysichthonis
1311 3947 1388 4016 eius,
1414 3949 1467 4024 qui

252 4033 368 4094 Cereris
387 4034 456 4092 fauo
477 4036 586 4095 violato
611 4057 647 4096 er
667 4035 819 4095 Thessalia
843 4037 874 4096 iu
895 4038 1014 4099 Cariam
1039 4041 1178 4118 profugus
1198 4040 1326 4119 Triopeo
1350 4043 1467 4102 condito

252 4129 323 4188 deae
347 4128 475 4188 animum
501 4129 556 4188 sihi
580 4130 784 4191 reconciliavit
824 4132 984 4193 Marcellus
1007 4134 1103 4212 ipsum
1125 4134 1264 4212 Triopam
1290 4135 1466 4215 andilegum

251 4223 399 4299 perhibuit
422 4223 601 4301 eundemque
626 4227 720 4304 Δηηῒον
744 4245 771 4285 v.
786 4226 833 4286 64.
858 4259 894 4272 —
922 4228 959 4287 97
983 4233 1079 4305 itaque
1104 4247 1169 4288 caue
1200 4229 1323 4306 Triopas
1343 4247 1469 4306 ροοιιοιιι

249 4317 311 4376 luca
324 4326 372 4376 οιιο
389 4317 510 4395 Triopas
523 4322 630 4379 comice
643 4310 778 4400 Τριόοοιος
791 4324 950 4395 nomineris,
963 4341 997 4382 ne
1015 4324 1187 4400 reomao
1205 4325 1329 4384 vindicta
1347 4335 1466 4403 ιορω,
