3254 5048
295 379 355 446 352
709 381 908 453 Epigrammata
926 382 1094 438 dedicatoria.

295 547 372 611 856.
412 549 558 611 Atalante.
586 551 789 624 stohsmuth
808 553 883 613 Mat.
904 553 958 614 Βλ.
978 554 1099 614 XXVII
1120 554 1185 615 614.

413 670 529 765 Ἀρχία
552 673 625 756 υίὸς
647 673 695 743 ὅδ’
718 673 784 745 ἔστ’
803 672 1024 767 Ἀλκαίνετος,
1048 669 1087 757 ὃς
1109 676 1185 766 δορί
1209 646 1337 765 σοίζ[ων

518 778 681 865 πατρίδος
704 771 891 868 ᾇκρόπολιν
911 778 1003 867 τέρμ’
1026 776 1144 864 ἔλαβεν
1164 775 1292 863 βιότου.

372 918 487 978 Aetatis
507 916 717 977 macedonicae.

294 1260 369 1322 857.
409 1261 496 1323 Lindi
517 1263 699 1324 Rhodiorum
718 1264 749 1322 in
769 1284 843 1325 aroe.
883 1265 962 1326 Rosa
982 1268 1068 1326 Aret.
1089 1267 1174 1341 Aasr.
1194 1266 1226 1325 Π
1246 1264 1312 1326 609.

444 1381 678 1477 Ἀντιπάτροιο
700 1385 856 1478 θύγατρα
875 1390 951 1479 νέην
973 1386 1021 1457 ἔτι
1044 1388 1286 1478 Καλλικλοία[ν

529 1486 658 1566 Λίνδος
680 1483 859 1556 ἇνέστασεν
881 1488 1095 1580 πρεσβυτότα
1118 1490 1256 1571 πολίων,

445 1584 582 1711 μόμμρς
604 1584 767 1672 όικόμοιο
790 1593 951 1677 χαριζοχ’
907 1619 990 1681 μενη
1013 1591 1213 1682 χεράε[σσιν,

531 1685 554 1779 ἥ
575 1715 659 1759 ποτε
682 1693 738 1757 καί
758 1696 882 1782 χρυσῆν
905 1691 1017 1760 εἰκόνα
1041 1697 1127 1782 θῆκε
1150 1688 1289 1781 Κόρηλς.

372 1828 542 1891 3rsrsm..
560 1830 678 1907 ..suppl
696 1830 783 1891 Ross.
811 1831 903 1891 Arias
927 1842 1043 1908 arrepto
1071 1831 1198 1907 beneficio
1217 1833 1351 1907 reserens,
1372 1851 1445 1908 qaae
1464 1837 1509 1892 in·

294 1934 335 1982 ter
354 1924 413 1981 alia
437 1928 516 1982 etiarn
533 1924 721 2000 Proserpinae
741 1929 901 1985 inauratam
920 1930 1066 2004 inopinam
1085 1927 1238 1984 diaaoerat.
1268 1923 1392 1984 Videtur
1412 1935 1509 1985 autem

295 2022 376 2090 ama,
401 2037 488 2095 quam
512 2018 584 2077 nihil
608 2026 655 2078 est
679 2037 729 2077 our
754 2020 835 2079 senio
859 2019 1021 2078 comestam
1044 2019 1217 2097 cogitemus,
1248 2037 1304 2076 non
1332 2018 1394 2077 sine
1419 2037 1511 2078 eausa

295 2102 415 2193 ἦιίκομος
435 2112 580 2192 adpellari
610 2145 646 2157 -
667 2115 687 2172 4
706 2105 893 2194 ao'pasltoss,
906 2103 993 2193 Κόρης
1013 2111 1083 2172 Keil
1103 2130 1150 2190 ap.
1171 2113 1255 2172 Rosa.
1276 2112 1294 2170 λ
1314 2130 1336 2170 a.
1357 2131 1380 2171 ε.

799 2277 1001 2291 —n--n—

297 2427 372 2488 858.
413 2425 508 2507 Prope
527 2426 666 2490 Miletum.
708 2427 754 2488 Ex
774 2428 940 2491 (lhandlero
960 2427 994 2491 Ο.
1016 2426 1039 2489 Ι.
1061 2428 1145 2490 2884.

421 2548 604 2636 Εὐσεβέσιν
627 2548 772 2641 κλήροις,
796 2553 996 2629 Ποσιόοίνιε,
1019 2552 1091 2641 τρίς
1113 2577 1150 2620 σε
1173 2551 1316 2636 λαχόντα

512 2655 704 2740 ό[έρ]κομαι
727 2651 761 2720 έν
783 2651 949 2735 Διόόμοις
971 2656 1155 2737 στέμμασιν
1177 2650 1362 2784 ἀθανάτοις

419 2758 510 2820 τοῖον
532 2745 570 2820 όν
588 2749 761 2821 Ἀπόλλων
784 2777 821 2821 σε
845 2751 1023 2890 προφήτην
1045 2750 1212 2846 ἠσπάσατ
1242 2750 1342 2832 αὐτός

512 2855 625 2943 λῆμμα
649 2854 757 2940 κρίσιν
774 2881 900 2943 μητρος
920 2860 948 2922 τ
973 2853 1126 2945 εὖσεβίην
1148 2854 1297 2936 δικάσας

358 2960 378 3025 5
422 2943 461 3019 οὗ
484 2955 581 3034 κλέος
604 2949 673 3022 ουδ’
697 2952 780 3023 nitria
801 2955 1008 3046 ἐπιλήσεται·
1034 2949 1197 3045 όνόρα
1160 2950 1355 3047 χαρεῖ[ὄ]εν

508 3059 574 3122 τῶν
596 3058 675 3145 πρὶν
698 3058 897 3145 λειτουργῶν
919 3053 1029 3126 aidani
1052 3058 1259 3143 λειπόμενον.

371 3222 501 3281 Litterae
521 3223 663 3301 vulgares.
684 3255 721 3267 —
742 3223 907 3302 Prophetae
931 3223 1122 3283 saoerdotium
1146 3223 1291 3300 publicum
1316 3222 1345 3279 in
1371 3222 1509 3300 plurimis

297 3317 396 3377 ioniae
416 3317 543 3392 urbibus,
567 3317 694 3377 maxime
714 3317 745 3376 iu
764 3316 997 3377 Branchidarum
1016 3317 1085 3390 fuit3
1112 3327 1190 3377 sorte
1209 3317 1364 3394 quotannis
1383 3320 1509 3395 propho-

294 3418 342 3472 tae
375 3413 556 3490 eligebantur
588 3421 620 3472 ut
649 3412 786 3489 eponymi
815 3412 1003 3490 magistratus
1028 3410 1090 3470 looo
1116 3421 1226 3484 essent,
1256 3411 1292 3469 ei.
1317 3410 1439 3471 Boeakh
1468 3414 1508 3471 ad

295 3507 328 3567 C.
348 3507 368 3569 l.
390 3506 467 3566 2880
486 3508 672 3566 sortiebantur
693 3516 800 3566 tanturn
824 3511 849 3565 α’
872 3505 970 3583 qaidas
994 3509 1037 3564 ias
1062 3515 1121 3564 erat
1149 3505 1329 3582 capessendae
1342 3506 1508 3582 prophetias

295 3605 376 3662 certis
390 3602 513 3680 familiis
529 3606 685 3679 propriam.
697 3634 734 3645 —
745 3601 761 3659 2
772 3618 801 3659 or
812 3644 819 3659 .
831 3615 929 3659 aornar
943 3618 1014 3659 corr.
1034 3599 1160 3666 Boeokh.
1188 3598 1332 3676 Loquitur
1345 3609 1395 3658 aut
1413 3617 1508 3677 popu·

294 3697 340 3755 lus
365 3702 416 3756 aut
440 3702 533 3754 mater
558 3695 597 3772 (r.
612 3695 654 3773 4).
674 3727 713 3738 —
732 3696 752 3753 4
772 3694 929 3772 explicatio
956 3693 1098 3772 inpedita.
1145 3692 1204 3752 Vix
1229 3700 1306 3753 reete
1331 3692 1452 3752 Boeckh
1479 3704 1508 3752 et

293 3788 429 3848 Welolrer
450 3788 520 3865 Syll.
540 3806 569 3863 p.
585 3787 641 3847 293
663 3787 825 3847 laoobsium
848 3786 936 3847 secuti
957 3789 1061 3867 λῆμμα
1079 3806 1134 3864 pro
1154 3787 1234 3866 λῆμα
1257 3788 1384 3865 positum
1403 3797 1508 3866 putant

293 3885 347 3942 hoo
367 3883 484 3959 quidem
505 3899 605 3939 sensu:
625 3882 754 3940 iudicans
773 3881 811 3958 (et
830 3884 931 3942 iadia'sr
951 3882 1125 3959 approbans)
1144 3882 1264 3940 indolem
1285 3892 1368 3955 taam,
1384 3885 1506 3957 praeia-

294 3978 396 4035 ds'er'arn
417 3977 451 4034 de
476 3984 500 4033 te
520 3975 604 4034 λαισνυ
624 3978 775 4051 matrisque
794 3980 932 4050 patorem.
968 3976 1041 4036 Mihi
1066 3963 1181 4045 dlaaitrn
1200 3976 1277 4034 idem
1294 3975 1406 4034 videtur
1426 3976 1506 4051 quod

294 4068 397 4151 κρίνειν,
421 4070 526 4148 λῆμμα
549 4070 581 4129 id
607 4080 650 4129 est
675 4069 754 4144 qnod
774 4070 839 4145 quis
859 4068 936 4129 dono
963 4069 1075 4147 aooipit
1096 4063 1179 4149 κρίσις
1205 4060 1324 4143 electio,¹
1347 4087 1421 4145 quae
1445 4088 1507 4128 non

293 4183 363 4224 casn
383 4164 434 4224 sed
453 4163 557 4222 iudicio
578 4163 694 4234 nititnr3
724 4163 911 4241 interpretor:
944 4175 986 4223 ter
1006 4174 1030 4223 ta
1049 4174 1137 4223 vatem
1156 4166 1286 4223 salutavit
1307 4163 1442 4237 Phoebas,
1464 4173 1507 4221 ter

293 4269 394 4322 sortem
414 4258 549 4318 ehationr'a
570 4257 629 4317 loeo
650 4257 760 4332 haban,
779 4258 799 4316 i.
819 4277 844 4317 e.
866 4259 970 4317 donam
990 4260 1066 4334 qaod
1085 4263 1169 4318 sortia
1191 4259 1317 4335 beneficia
1337 4267 1455 4316 nanatas
1477 4277 1505 4316 es

292 4354 455 4433 adprobant
476 4363 615 4433 tamqnam
635 4353 787 4430 elipantum
806 4353 951 4428 indiciam,
976 4373 1026 4413 naa
1051 4357 1141 4413 minas
1168 4358 1265 4413 matris
1289 4365 1351 4412 αισι
1376 4356 1506 4430 pietaten
