3270 4994
247 351 281 405 11.
307 350 417 407 heroum
429 355 456 407 ct
469 355 583 410 virerum
598 358 728 413 clarorum
746 367 923 416 monuments
935 362 1064 417 artificum
1076 365 1224 436 artiumque
1237 367 1318 420 tituli.
1335 370 1398 437 487

179 523 207 583 b.
230 524 286 582 sub
305 524 472 600 maglypho

267 642 335 723 Οίίς
356 650 432 712 ποτ’
456 641 504 713 tin
525 643 736 735 Εὐρυαθεῖος
758 649 986 741 ἀναγκασθείς
1008 657 1127 745 [τέλεα
1151 646 1291 738 αδλους

261 750 379 835 πρῶτα
401 746 462 828 μέν
484 746 518 814 έν
540 752 656 840 Νεμέᾳ
678 753 814 839 βριερδν
838 756 1027 879 κατέπεφνε
1052 758 1180 845 λέοντα,

263 843 420 970 δεύτερον
443 845 546 970 ὕδραν
568 850 786 940 Arpeatefl
764 879 897 933 εκτεινε,
920 856 1033 945 τρίτον
1056 860 1095 925 δέ

262 948 392 1037 κατερδν
414 947 449 1016 έν
467 943 640 1042 Ἀρκαδίᾳ,
665 977 800 1044 οτικτην
822 952 950 1044 ἔλαφον
973 958 1010 1025 δέ
1032 959 1202 1047 τέταρτον·

199 1055 219 1118 5
264 1050 419 1132 πέμπτον
442 1051 478 1119 δέ
502 1053 693 1137 στρουδούς
714 1057 952 1179 Στυμφαλίδος
972 1060 1078 1146 place
1101 1057 1229 1148 λίμνης,

261 1147 409 1218 ἕκτονδ
432 1148 587 1241 Αὐγείαο
611 1153 792 1243 ἒφδρει’
752 1182 891 1242 κοπρον
915 1156 1058 1243 ἕβδομον
1079 1158 1190 1226 ἐλθών

261 1250 298 1317 ἐκ
321 1250 456 1342 Κρήτης
477 1259 599 1343 ταῦρον
619 1249 765 1338 μέγαν”
745 1283 875 1345 νγγαγεν,
900 1252 1019 1344 δγδοον
1040 1258 1173 1340 ἵππους

263 1352 398 1442 Θρῄκης
420 1353 575 1434 ἐξέλασεν
596 1353 799 1446 Διομήδεος,
820 1353 1020 1448 Ιππολίντνγς
1041 1385 1078 1426 τε

261 1454 429 1544 ζω]οτῆρα
453 1455 490 1535 έξ
471 1453 697 1545 ξεκδμτο(ο)εν
715 1456 944 1543 Ἀμαζονίδος,
968 1461 1107 1528 δέκατον
1129 1463 1168 1529 δέ

177 1556 218 1620 10
264 1556 290 1614 Γ
290 1553 487 1645 νγρυον]ην
465 1581 588 1624 εκτεινε
613 1557 686 1646 [καί
707 1551 826 1648 η’]γαγε
846 1564 928 1644 βοῦς
951 1554 1121 1647 ἀγελαίας

261 1651 437 1723 ἑνδέκατον
460 1661 488 1723 δ’
512 1656 549 1737 ἐξ
560 1653 706 1750 ’ᾍδου
688 1657 831 1748 ανήγαγε
856 1663 1041 1748 [Κέρβερον
1064 1660 1167 1749 αἰνόν,

255 1749 465 1843 (Εσπερίδων
488 1752 561 1824 δ’”
541 1784 653 1846 νγνεγκε
675 1759 789 1841 μολών
812 1758 885 1848 [ἐπὶ
907 1759 1055 1849 τέρματα
1079 1761 1177 1850 γαίης

257 1857 380 1944 χρύσεα
402 1860 505 1947 μῆλα,
530 1857 696 1949 δράκοντα
720 1857 862 1948 λαδ[αίν,
886 1859 925 1926 τὸ
950 1857 1160 1928 πανύστατον
1181 1860 1277 1949 ἔργον
1301 1904 1341 1915 -

258 1955 388 2024 δώδεκα
410 1957 471 2040 μέν
492 1958 664 2039 cecedi}
646 1961 832 2048 ξε[τέλεσσε
854 1958 934 2027 τότ’·
960 1955 1046 2026 ἀλλὰ
1070 1962 1222 2050 πάρεργα

175 2064 214 2128 15
257 2058 436 2144 Βούοειριν
456 2058 517 2141 μὲν
538 2058 573 2126 ἐν
594 2057 779 2149 Αἰγύπτ[ῳ
802 2054 925 2144 κτάνεν,
949 2059 983 2125 έν
1005 2057 1121 2149 Λιβύῃ
1144 2061 1182 2128 δέ

254 2154 417 2228 ’Λνταῖον
446 2157 581 2246 Φολόην
604 2157 819 2248 Κεντ[αύριυν
842 2155 1055 2248 ἐξεκάθηρεν.

259 2260 388 2326 Κύκνον
410 2257 452 2327 ἰδ’
475 2255 582 2347 ἀετόν,
605 2253 644 2340 ὃς
665 2260 703 2327 τὸ
728 2260 951 2350 [Προμηθέος
973 2253 1093 2345 ἤσθιεν
1113 2250 1217 2354 ἧπαρ,

256 2361 290 2428 έν
312 2363 444 2438 Λυδοῖς
467 2357 619 2444 πύματον
640 2365 675 2428 s’
698 2408 1302 2433 ............

249 2600 400 2662 Consimili
420 2603 530 2662 ratione
543 2601 679 2661 Herculis
695 2601 810 2660 labores
825 2599 978 2675 conplures
997 2609 1237 2662 enumernvcrunt
1249 2613 1278 2661 et
1290 2624 1387 2681 gram·

171 2696 272 2755 mntici
293 2707 321 2753 et
339 2704 453 2773 pcetse,
474 2716 599 2773 quorum
619 2695 750 2754 omnium
769 2695 902 2771 proxime
922 2693 958 2750 sd
973 2695 1102 2753 tabulam
1118 2695 1262 2756 Albanam
1276 2700 1387 2757 accedit

170 2791 294 2866 scriptor
314 2791 405 2867 epigr.
427 2792 553 2867 append.
568 2789 693 2849 Planud.
716 2788 767 2860 923
789 2797 908 2863 uterque
927 2788 1005 2846 enim
1024 2796 1117 2848 metro
1137 2807 1209 2850 usus
1230 2793 1385 2852 tritissimo

170 2883 300 2960 singulos
320 2883 434 2942 labores
455 2904 542 2961 quam
562 2884 730 2960 plenissime
749 2893 780 2940 ut
799 2883 831 2940 in
850 2900 1006 2958 puerorum
1033 2902 1114 2941 usum
1139 2885 1280 2961 explicat,
1303 2885 1385 2949 nullo

170 2977 302 3034 admixto
324 2976 461 3035 dictionis
480 2977 554 3035 lucc.
587 2976 731 3036 Omnibus
753 2981 852 3033 autem
871 2975 925 3034 hoc
944 2977 1126 3052 propositum
1146 2987 1218 3050 erst,
1239 2989 1270 3036 ut
1289 2979 1384 3039 ieiuno

170 3078 340 3144 argumento
361 3088 448 3143 quam
469 3070 638 3127 brevissime
657 3079 792 3127 enarratu
820 3070 960 3128 acuminis
986 3069 1098 3146 aliquid
1122 3071 1275 3144 adderent,
1307 3071 1386 3129 velut

169 3159 322 3236 Philippus
337 3161 418 3236 (app.
432 3160 517 3218 Plan.
533 3159 634 3236 93)'
599 3155 682 3228 αυνδς
698 3151 919 3240 Ολυμπονέχω
933 3168 964 3219 et
975 3162 1184 3238 frigidissime
1176 3183 1273 3222 iocans
1286 3184 1384 3240 grum·

170 3254 293 3312 malicus
314 3252 364 3310 ille
384 3253 462 3326 (ibid.
484 3273 509 3313 n.
526 3252 575 3328 92)
596 3274 625 3309 το
616 3243 863 3330 τγιςνιαιδέκατον
888 3275 957 3312 τοιαν
981 3243 1078 3332 λυγρδν
1098 3250 1176 3332 ἔσχεν
1191 3245 1297 3314 ν’ίεδλον·
1312 3280 1382 3335 μου·

170 3338 256 3428 νονυχ1
277 3337 440 3420 πεντήκοντα
460 3344 623 3419 ξυνελέξατο
644 3333 696 3402 καί
696 3365 761 3422 pm
792 3339 962 3421 Ansgssphi
983 3363 1083 3402 versus
1104 3347 1153 3420 qui
1173 3347 1242 3405 fecit
1254 3365 1313 3404 non
1327 3350 1383 3407 sibi

169 3441 272 3512 defuit3
305 3458 391 3498 versu
412 3440 490 3498 enim
510 3451 654 3511 extremo,
675 3457 760 3513 quem
781 3458 838 3496 non
858 3438 945 3497 video
965 3456 1023 3512 qua
1043 3435 1102 3494 alin
1120 3439 1234 3495 ratione
1254 3440 1386 3514 expleas

168 3536 246 3595 idem
265 3533 315 3591 ille
336 3533 446 3592 dixisse
467 3532 587 3604 videtur,
608 3531 683 3607 quod
704 3528 871 3608 anaglypho
892 3529 1075 3607 exsculptum
1096 3539 1149 3602 est,
1168 3531 1325 3589 exantlatis
1338 3538 1382 3589 tot

168 3627 313 3687 aerumnis
337 3626 375 3685 ad
401 3644 522 3702 superos
546 3632 694 3702 receptum
718 3643 781 3683 esse
805 3623 967 3683 Herculem
993 3655 1031 3666 -
1060 3625 1070 3678 l
1099 3628 1168 3698 post
1197 3614 1381 3695 ίναγκασδδς

168 3722 240 3800 legit
253 3719 393 3797 Stephani
415 3765 422 3778 .
445 3763 452 3778 .
474 3763 481 3776 .
503 3735 536 3778 nr
558 3764 564 3777 .
586 3763 594 3776 .
616 3726 749 3794 recteque
770 3716 926 3793 supplevit.
957 3714 1068 3791 coepte
1088 3732 1189 3774 versus
1209 3715 1294 3792 primi
1316 3727 1380 3774 sen-

167 3816 259 3876 tentis
278 3814 419 3892 repetitur
440 3832 466 3871 v.
484 3814 586 3871 14.-
607 3810 777 3890 illuserint
797 3810 974 3870 Comini.-
996 3810 1033 3867 10
1051 3808 1146 3886 suppl
1167 3808 1328 3869 Reincsius
1343 3842 1377 3851 -

169 3913 201 3970 ll
215 3908 350 3989 Κέρβερον
363 3906 519 3979 Victorius,
540 3905 586 3964 cui
607 3905 773 3965 addendum
793 3903 982 3974 edicturum,
1003 3893 1091 3980 θηρίον
1111 3887 1180 3959 atde
1192 3900 1321 3960 clausule
1334 3905 1378 3958 est

166 4003 336 4063 Theocriten
354 4000 445 4060 XXV
466 4000 589 4058 205.-
604 3996 674 4058 12'
652 4021 688 4068 εις
709 3994 818 4078 ἔσχατα
837 3987 931 4076 χαίροις
951 3995 1104 4056 Franz·
1119 3995 1154 4053 13
1165 3980 1261 4054 λαδων
1273 3992 1376 4061 Franz,

166 4097 281 4173 reliqua
301 4093 448 4171 supplevit
468 4092 732 4152 Wilsmowitza-
756 4093 791 4150 14
811 4090 931 4165 ἐξεγ..
953 4089 1000 4147 vel
1020 4087 1104 4162 ἒξεν.
1127 4087 1221 4156 ,ετοδὶ
1223 4095 1296 4151 tum;
1317 4079 1373 4153 ἒξε

166 4189 278 4249 νείκες’
304 4186 410 4255 ίδλνυς
430 4187 579 4262 Stephani.
619 4186 769 4246 Vocabulc
792 4176 899 4254 ίδλους
922 4201 980 4241 non
1007 4200 1080 4258 opus
1104 4189 1159 4285 est,
1184 4175 1219 4233 td
1244 4174 1374 4258 νδν,
1345 4174 1374 4228 l·

168 4283 272 4428 scripsi
292 4270 379 4341 τίν’
370 4301 392 4340 1.
412 4299 438 4378 e.
457 4267 503 4340 ίτε
522 4275 574 4339 δυο
566 4269 759 4359 Εὐρυσθέως
772 4269 935 4355 timaeus
950 4277 989 4354 (τ.
1005 4276 1049 4351 1);
1070 4255 1145 4337 atti
1158 4257 1280 4347 πᾶρεργν
1292 4264 1374 4359 8ᾰᾶ1·
