3270 4994
294 360 357 426 498
750 357 945 427 Epigrammata
964 357 1044 410 varia.

295 525 492 588 11034106.
532 525 567 585 ln
587 527 691 585 domus
709 525 903 602 Pompeianae
922 524 1054 585 cubiculo
1080 523 1184 601 parieti
1208 523 1348 601 inscripta
1369 532 1518 600 quattuor

295 621 514 697 epigrammata,
539 621 645 695 quibus
665 621 796 697 singulae
816 620 1006 678 inlustrantur
1027 623 1164 695 picturae.
1200 618 1247 675 llx
1267 637 1321 676 suo
1340 622 1519 696 apographo

295 714 388 774 edidit
407 713 439 773 0.
462 713 582 789 Dilthey
599 732 698 789 propr.
724 716 816 773 Ton'c.
840 714 922 772 1876.

373 891 386 948 l
406 892 496 950 Amor
516 909 582 950 cum
602 890 681 949 Pane
705 891 817 950 luctans
838 891 973 949 adstante
992 889 1105 947 Venere
1125 887 1226 964 agonis
1244 890 1388 965 praeside.

418 1010 457 1077 ‘O
479 1013 638 1101 θραοιῚς]
662 1002 871 1080 ἀνθίσταντο
883 1003 990 1097 ’Ἕριος
1015 1014 1074 1100 [τῷ
1098 1011 1187 1076 Πανὶ
1211 1012 1375 1087 παλαίων,

507 1109 549 1195 χὰ
573 1113 707 1202 Κύπρις
730 1109 887 1197 abedarium,
908 1111 958 1192 τίς
980 1112 1068 1201 τίν[ο
1092 1113 1268 1200 πρ]ὦ[τος]
1292 1107 1373 1177 ἑλεῖ·

423 1212 572 1301 ίοχυρ]ὀς
593 1215 654 1296 μὲν
676 1211 694 1277 ὃ
719 1215 793 1279 Πὰν
816 1214 872 1279 καί
895 1211 1072 1298 καρτερός,
1097 1205 1182 1278 ἀλλὰ
1204 1214 1394 1295 πανοῦργος

506 1310 524 1376 ὃ
547 1316 688 1400 πτα[νὸς
710 1317 765 1379 καί
779 1307 902 1398 Ἔρως·
927 1309 1053 1392 οἴχεται
1080 1308 1101 1377 ἁ
1124 1307 1273 1390 δύναμις.

289 1464 290 1467 ’
375 1450 583 1527 Supplementa
607 1457 677 1514 aaut
701 1448 839 1524 Diltbeii,
864 1460 943 1511 certe
968 1459 1000 1513 ut
1024 1469 1061 1509 ex
1086 1447 1215 1524 vestigiis
1239 1447 1403 1508 litterarum
1431 1460 1521 1528 patet

297 1563 343 1603 w.
364 1544 381 1602 3
402 1551 432 1602 et
452 1544 480 1616 4,
499 1543 664 1620 probabilia
684 1543 788 1601 saltem
810 1564 836 1602 v.
854 1546 884 1617 l,
911 1545 959 1602 ubi
979 1543 1144 1601 litterarum
1163 1559 1220 1598 ωΑ
1232 1558 1269 1598 na
1293 1543 1439 1620 reliquiae
1464 1549 1516 1606 ad·

297 1636 398 1713 gnosci
416 1654 503 1713 posse
522 1645 683 1694 narrantur.
723 1637 765 1694 At
784 1637 844 1696 ui
866 1655 940 1712 quae
961 1637 1057 1713 posuit
1077 1636 1199 1712 Dilthey
1219 1635 1287 1693 licet
1305 1639 1341 1693 Α.
1356 1638 1452 1696 Marii
1473 1648 1520 1699 te·

298 1730 351 1789 stis
370 1729 477 1788 oculati
495 1747 637 1788 consensu
656 1729 827 1788 confirmata
847 1749 881 1788 ea
901 1748 987 1804 spero
1008 1729 1069 1788 fore
1096 1729 1255 1805 aliquando
1281 1736 1315 1786 ut
1340 1731 1519 1793 melioribus

299 1828 515 1894 conmutantur3
535 1842 591 1882 uon
611 1822 706 1881 hercle
726 1824 889 1900 posuissem
911 1823 975 1896 illa,
996 1824 1022 1881 si
1041 1824 1112 1881 mihi
1131 1842 1223 1899 aeque
1242 1841 1276 1880 ac
1295 1822 1425 1883 Diltheio
1447 1846 1519 1903 pro-

299 1916 394 1975 babile
414 1917 562 1975 videretur
583 1916 770 1974 Tarentinum
791 1915 951 1974 Leonidam
973 1917 1152 1993 epigramma
1173 1916 1282 1974 fecisse.
1296 1950 1325 1959 -
1342 1918 1359 1973 3
1375 1936 1420 1992 sq.
1435 1927 1521 1980 recte

298 2009 425 2085 explicat
444 2008 564 2087 Dilthey
584 2011 680 2068 volas
699 2011 810 2085 quidem
829 2028 864 2067 oo
884 2010 1011 2068 robustae
1032 2012 1106 2083 Pan,
1126 2019 1158 2068 at
1182 2019 1317 2067 amator
1337 2010 1395 2069 oles
1418 2016 1472 2070 asta
1492 2027 1521 2074 ct

301 2103 419 2178 Cupido,
440 2103 574 2180 idemque
594 2108 662 2178 apte
682 2100 805 2160 contulit
823 2100 917 2161 Servii
938 2105 1026 2163 verba
1047 2105 1085 2163 ad
1105 2103 1186 2178 Varq.
1207 2104 1255 2160 ccl.
1275 2103 1306 2160 ll
1326 2104 1359 2162 ³1
1384 2125 1404 2163 a
1420 2114 1521 2182 postis

291 2196 411 2270 finqitur
430 2215 492 2254 cum
513 2197 614 2254 Amore
633 2197 683 2253 deo
703 2197 823 2253 luctatus
844 2205 870 2253 et
889 2197 924 2254 ob
946 2215 975 2252 eo
997 2199 1094 2254 uictura.

373 2370 403 2432 11
423 2371 510 2433 Oirca
529 2374 643 2451 signnm
664 2371 784 2448 aliquod
804 2369 926 2449 (Panis)
947 2381 1005 2431 tres
1024 2373 1081 2431 viri
1100 2373 1227 2448 adstant,
1253 2390 1375 2450 quorum
1396 2375 1458 2435 duo
1479 2398 1520 2437 ex

298 2463 399 2525 habitu
425 2465 681 2544 instrumentisque
708 2484 782 2541 quae
811 2472 916 2541 gerunt
940 2465 1014 2524 alter
1038 2466 1180 2542 piscator,
1205 2466 1276 2524 alter
1300 2476 1423 2526 venator
1450 2489 1520 2531 esse

298 2557 506 2635 dignoscuntur
512 2581 520 2631 3
552 2561 670 2633 tertius,
695 2560 775 2617 cuius
799 2559 876 2616 vitae
896 2559 1091 2618 condicionem
1111 2579 1168 2618 non
1189 2568 1234 2618 est
1252 2561 1329 2618 unde
1348 2560 1520 2640 intellegas,

298 2650 474 2711 discessurus
501 2652 627 2723 videtnr3
657 2653 755 2710 arbori
780 2652 853 2709 retia
883 2652 1026 2727 quaedam
1056 2653 1162 2713 adtira.
1207 2651 1340 2712 Picturae
1370 2657 1520 2717 evanidae

299 2755 468 2821 argumento
488 2745 605 2822 cognito
627 2745 817 2820 tenuibusque
837 2746 974 2803 carminis
995 2746 1124 2823 vestigiis
1144 2746 1267 2822 repertis
1279 2746 1432 2821 praeclaro
1447 2768 1520 2808 acu-

299 2836 376 2894 mine
396 2837 471 2895 vidit
485 2837 606 2913 Dilthey
619 2836 768 2896 Leonidae
788 2836 939 2896 Tarentini
958 2839 1049 2898 irrisae
1068 2840 1248 2916 epigramma
1267 2840 1318 2914 (A.
1339 2838 1369 2899 P.
1387 2840 1431 2900 Vl
1450 2844 1518 2921 13)z

431 2956 471 3024 Οἳ
495 2963 627 3042 τρισοοί
649 2984 702 3024 τοι
723 2965 828 3026 ταῦτα
850 2962 892 3026 τὰ
914 2960 1031 3027 δίκτυα
1056 2966 1165 3051 ἐνῆκαν
1187 2959 1340 3048 ὅμαιμοι,

509 3054 634 3147 dyptico
658 3058 745 3147 Πάν,
771 3053 874 3147 ἄλλης
896 3054 999 3139 ἄλλος
1020 3056 1078 3127 ἀπ’
1102 3056 1268 3147 ἀγρεοίης·

426 3145 470 3225 ὧν
492 3152 560 3226 ἀπὸ
582 3161 643 3243 μὲν
666 3166 797 3232 τιτανῶν
819 3160 949 3249 Πίγρης
969 3158 1059 3229 τάδε·
1083 3167 1187 3228 ταῦτα
1209 3161 1246 3228 δὲ
1268 3166 1382 3243 Δᾶμις

510 3258 737 3347 τετραπόδων·
763 3262 914 3347 Κλείτωρ
938 3264 967 3326 d’
990 3257 1008 3326 ὁ
1031 3262 1142 3347 τρίτος
1165 3258 1326 3326 εἰνολίων.

362 3364 382 3428 5
425 3355 502 3425 ἄνθ’
526 3351 570 3424 ὧν
591 3365 638 3446 τῷ
659 3360 720 3442 μὲν
743 3361 855 3443 πέμπε
878 3363 920 3426 δι’
946 3357 1043 3449 ἠέρος
1066 3355 1221 3443 είίστοχον
1244 3353 1357 3450 ἄγρην,

510 3464 557 3546 τῷ
580 3460 616 3525 δὲ
639 3460 695 3525 διὰ
719 3463 863 3548 dossenis,
886 3464 934 3547 τῷ
956 3461 992 3526 δὲ
1016 3463 1057 3526 δι’
1081 3455 1210 3548 ἠιόνων.

377 3596 522 3674 Superant
542 3596 602 3654 ui
623 3597 701 3656 vocis
727 3587 811 3665 σίλλος
831 3596 931 3656 littera
950 3613 982 3671 0,
1003 3600 1063 3656 ud
1087 3598 1213 3656 nominis
1233 3601 1326 3677 Δᾶμις
1346 3617 1376 3672 Δ,
1396 3607 1459 3664 v.4
1480 3609 1522 3667 ab

298 3689 420 3748 initior
442 3732 594 3752 ......
614 3706 643 3763 Δ,
664 3691 723 3749 ub
749 3692 786 3748 ab
812 3690 935 3750 initios
1044 3739 1049 3749 .
1072 3735 1079 3749 .
1101 3709 1143 3764 ω,
1171 3693 1230 3750 nd
1255 3707 1368 3750 τωΔεΔι
1398 3699 1522 3773 primae

300 3799 400 3841 versus
420 3782 544 3842 litterae.
560 3806 562 3810 ·

375 3956 417 4016 Ill
432 3956 520 4018 Sedet
539 3976 627 4017 senex
647 3958 864 4021 meditabundus
881 3959 1026 4040 (otatlroc
1045 3981 1150 4022 nomen
1169 3959 1373 4041 adscriptum),
1394 3986 1434 4026 ex
1457 3989 1522 4049 quo

298 4051 355 4108 duo
374 4050 518 4112 hominess
544 4052 702 4127 piscatores
723 4056 823 4130 (sacre
848 4056 1009 4133 adpictum)
1036 4057 1216 4117 sciscitantur
1235 4074 1310 4133 qnae
1336 4056 1415 4118 inira
1443 4068 1520 4124 scri-

298 4147 352 4218 pta
370 4148 453 4202 sunt:

342 4261 415 4335 ὅστ’
437 4263 564 4351 ἕλωμεν,
580 4265 804 4358 Uardacate,
828 4268 899 4339 iioo‘
923 4267 982 4341 orla
1007 4269 1193 4363 [ἕλ]ο[μ]εν,
1217 4269 1467 4362 [crodmari-io.
