3262 4974
698 419 832 488 praelatio.
1295 444 1369 490 xpfl

147 589 264 648 nondae
285 594 389 664 rogatu
409 588 621 658 Xenocratem3
655 605 739 663 quem
760 587 894 665 clypeum
919 589 1098 665 conspicatus
1123 590 1369 655 Lacedaemonios

148 691 267 767 fugisse.
308 688 391 748 Hanc
411 690 575 749 Pausaniae
600 689 797 748 narrationem
819 707 884 747 oum
905 691 1123 767 epigrammatis
1144 696 1284 752 memoria
1308 696 1368 755 fere

148 812 303 870 congruam
329 811 392 851 esse
418 793 562 852 intellexit
582 790 740 850 Buecheler
765 791 839 851 Mae.
867 793 953 850 eren.
973 793 1096 852 XXXII
1116 797 1173 854 479
1185 816 1245 872 aq.,
1272 799 1367 875 ipsum

149 895 330 972 epigramma
349 915 406 952 non
427 897 505 954 omni
526 914 563 953 ex
584 903 666 971 parte
686 900 721 951 ut
738 895 810 951 mihi
832 894 944 952 videtur
964 907 1039 955 recte
1066 897 1284 973 interpretatus.
1320 899 1369 960 Sic

149 997 300 1075 intellego:
330 999 397 1055 dum
420 997 641 1056 Lacedaemonii
664 1000 694 1053 in
722 1015 752 1053 eo
777 983 873 1054 estut
896 1001 1038 1055 uincerent
1057 999 1260 1073 (confirmatur
1279 1002 1368 1080 igitur

149 1099 349 1177 Xenophontis
374 1101 510 1159 iudicium
532 1100 640 1158 Hellen.
664 1097 705 1155 VI
730 1098 826 1174 4,13)‚
856 1098 1010 1158 Xenocrati
1035 1111 1110 1159 corte
1136 1102 1230 1178 obripit
1256 1104 1367 1179 (sortiti

149 1209 247 1262 autem
268 1209 353 1262 erant
371 1213 486 1281 praeter
506 1204 601 1280 ipsum
616 1200 824 1277 Theopompus
845 1206 874 1257 et
895 1200 1068 1278 Mnasilaus)
1090 1213 1118 1261 ut
1137 1205 1200 1262 Ioui
1225 1215 1367 1280 tropaeam

151 1307 289 1378 adferret.
333 1306 374 1363 Et
399 1306 499 1363 adtulit
523 1305 570 1362 ote
595 1306 710 1360 hostium
740 1306 836 1378 copiae
865 1322 999 1379 armoque
1028 1324 1205 1384 nequaquam
1235 1319 1368 1367 manaae:

150 1412 192 1466 eie
205 1412 315 1484 sactum
336 1417 366 1464 at
388 1408 509 1465 Thebani
531 1411 645 1464 uictores
666 1423 679 1462 e
697 1424 794 1480 pupae
815 1406 998 1478 discederent,
1030 1410 1108 1466 cuiue
1129 1412 1171 1467 ret
1188 1414 1367 1469 testimonium

150 1522 294 1584 tropaeum
315 1519 354 1568 eet
374 1508 503 1567 Leuctris
520 1512 650 1584 positum.
692 1507 828 1582 Prinoepe
848 1508 957 1582 quidem
977 1513 1109 1567 uictoriae
1132 1523 1228 1570 auctor
1248 1515 1366 1588 Epami·

149 1614 258 1670 noadoe
276 1614 338 1687 suit
359 1609 458 1686 (Diod.
479 1609 538 1668 XV
559 1609 654 1685 563),
679 1627 728 1666 noa
747 1626 813 1665 uero
830 1618 950 1684 propter
974 1613 1067 1668 utilem
1088 1632 1185 1672 eureus
1205 1617 1367 1676 celeritatem

151 1715 200 1771 illo
220 1719 267 1772 oia
288 1718 442 1790 inser-iores.
474 1712 607 1788 Adparet
626 1730 663 1769 ex
677 1711 722 1768 his
737 1711 929 1785 periculosum
943 1712 1062 1789 aliquod
1077 1734 1129 1791 per
1143 1718 1254 1777 medios
1268 1720 1367 1778 hostes

151 1819 207 1875 iter
240 1817 343 1876 fecisse
372 1815 563 1874 Xenocratem
593 1814 630 1872 ad
657 1813 875 1890 reciperandum
902 1814 976 1874 illud
1007 1817 1084 1891 quod
1115 1816 1177 1877 Iovi
1214 1795 1368 1897 poneretur

152 1930 320 1995 tropaeum,
350 1919 472 1994 adparet
497 1936 554 1975 non
580 1916 676 1974 minus
703 1915 750 1989 (ol.
771 1935 798 1973 r.
824 1915 855 1991 6)
883 1917 1024 1992 singulari
1047 1920 1172 1995 quadam
1197 1923 1250 1982 hac
1279 1925 1307 1982 in
1336 1945 1367 1982 re

154 2021 304 2080 celeritate
324 2039 397 2097 opus
419 2020 516 2079 fuisse.
549 2018 717 2095 Tropaeum
738 2018 823 2093 quale
843 2019 964 2095 luerit*)
984 2021 1089 2079 mirum
1110 2025 1253 2100 estquod
1273 2046 1309 2084 ex
1329 2028 1367 2085 ti-

148 2123 210 2181 tulo
231 2142 289 2181 non
310 2123 447 2182 discimus
462 2123 590 2198 (hastam
603 2121 681 2179 enim
696 2120 785 2178 fuisse
800 2120 876 2177 haud
891 2131 965 2179 recte
980 2120 1138 2182 Buecheler
1152 2145 1187 2182 ex
1209 2146 1253 2182 vr.
1273 2130 1284 2183 l
1306 2129 1366 2187 eth

149 2224 303 2301 conlegit);
323 2225 376 2284 sed
396 2235 424 2283 et
443 2225 499 2282 hoc
519 2231 549 2282 et
568 2223 671 2282 inscita
691 2222 829 2281 narramii
849 2223 934 2294 ratio,
953 2223 1090 2283 dictionis
1109 2227 1324 2287 inconcinnitas
1338 2241 1367 2288 et

150 2328 326 2399 obscuritas,
346 2326 464 2386 dialecti
485 2326 679 2384 inconstantia
700 2326 740 2401 (v.
756 2326 774 2383 5
788 2316 880 2401 daupi)
895 2344 928 2382 eo
942 2326 1034 2402 magis
1050 2327 1129 2385 ducit
1143 2339 1173 2385 ut
1187 2330 1367 2406 epigramma

149 2449 209 2488 non
231 2430 388 2489 1vsaeoulo
409 2429 460 2487 sed
480 2435 610 2505 tempore
631 2428 780 2503 aliquanto
795 2426 951 2487 recentiore
965 2429 1105 2504 scriptum
1120 2440 1263 2505 putemus,
1278 2453 1365 2509 quam

147 2552 184 2591 eo
210 2540 242 2590 ut
261 2532 303 2590 rei
328 2532 497 2591 memoriam
522 2550 540 2587 a
565 2530 716 2588 Pausania
739 2519 877 2587 traditam
903 2529 1039 2589 sabulosa
1064 2538 1226 2609 temporum
1252 2535 1364 2612 longin-

145 2634 260 2711 quitata
280 2634 465 2694 obscuratam
485 2633 625 2691 neamus.
646 2662 684 2674 -
705 2616 827 2691 anaor.
848 2631 907 2690 xv
929 2631 995 2703 aaa
1018 2631 1040 2691 a
1060 2630 1089 2693 a
1108 2628 1218 2694 amat
1240 2671 1274 2680 -
1297 2660 1365 2697 aar.

145 2726 256 2811 ενᾶησαν
291 2729 352 2807 rode
383 2731 614 2813 Λακεδαιμονίους
639 2732 784 2814 ἐπέχοντας
808 2724 881 2792 einer
906 2735 936 2792 ro*
962 2727 1128 2815 Aenarpralr
1159 2733 1258 2811 nsoter,
1289 2740 1366 2815 quod

143 2840 307 2898 Xenocrati
327 2841 443 2899 ridetur
462 2838 687 2916 percurrendum
708 2836 804 2896 fuisse.
827 2838 895 2895 -5
916 2829 1047 2916 vaepe'pe
1068 2833 1142 2919 δουρὶ
1162 2829 1278 2919 rpo‘rrore
1298 2845 1366 2900 sunt

152 2950 277 3017 tropaea
302 2943 409 3019 quibus
435 2943 556 3000 victoria
585 2940 673 2998 armis
698 2948 782 3016 parta
802 2929 955 3001 indicatur.
978 2975 1013 2984 -
1035 2941 1052 3000 6
1073 2943 1223 3000 currebant
1241 2953 1264 3000 et
1284 2944 1365 3019 Epo·

145 3046 299 3103 mtnondoe
316 3055 339 3103 et
359 3045 543 3115 Xenocratee,
563 3045 634 3101 alter
655 3051 749 3100 contro
769 3042 855 3100 loetee
875 3043 944 3102 alter
963 3054 1106 3119 tropaeum
1126 3055 1154 3103 ut
1175 3055 1315 3120 repeteret.

144 3220 225 3281 784.
267 3222 360 3282 Gravi
380 3242 444 3282 meo
465 3241 562 3281 erroro
582 3223 692 3280 factum
712 3227 808 3279 estut
828 3221 1044 3298 epigrammatis
1064 3223 1149 3282 huius
1170 3231 1200 3282 et
1219 3225 1310 3283 verba
1338 3234 1366 3282 et

141 3330 270 3382 aetatem
295 3343 449 3403 perperam
475 3326 689 3384 constituerem.
735 3323 822 3382 Teste
847 3324 923 3383 enim
948 3324 1117 3384 Froehnero
1143 3342 1161 3381 v
1188 3346 1214 3386 a.
1245 3325 1312 3386 Chr.
1336 3347 1362 3386 n.

140 3426 262 3484 saeculo
282 3427 422 3504 scriptum
442 3438 495 3499 eet,
515 3428 669 3505 legendum
691 3437 788 3486 autem
808 3427 860 3486 aio:

305 3553 445 3641 Τέρπων
468 3549 538 3635 εἰμὶ
561 3557 648 3630 θεᾶς
670 3548 833 3636 θεράπων
856 3555 977 3639 σεμνῆς
994 3544 1207 3638 Ἀφροδίτης·

296 3659 368 3730 τοῖς
392 3653 428 3719 δὲ
453 3652 686 3742 καταστήσασι
710 3648 843 3741 Κύπρις
863 3648 959 3739 χάριν
982 3647 1200 3740 dveoncdolp.

225 3789 347 3869 Terpon
370 3811 469 3852 eorum
489 3792 661 3852 daemonum
682 3811 801 3851 numero
821 3791 932 3850 accedit
950 3791 1051 3867 quales
1065 3778 1364 3871 suntngorPoppuiv

139 3888 291 3967 Κηδαλίιυν
310 3894 370 3955 alii.

215 4145 242 4213 *)
260 4164 350 4203 moneo
368 4150 400 4205 de
417 4166 491 4207 sacro
509 4151 609 4221 clypeo,
629 4167 704 4221 quem
724 4152 753 4205 te
771 4151 819 4204 τοῦ
839 4150 890 4205 νεώ
908 4150 953 4216 τῆς
969 4148 1086 4216 Ἀθηνᾶς
1110 4152 1157 4216 τῆς
1177 4148 1290 4212 Ἰλιάδος
1314 4154 1364 4204 ta-

134 4230 200 4302 βῶν
231 4231 291 4302 ἅμα
322 4228 351 4288 οἷ
378 4230 452 4306 εἶχεν
480 4235 664 4307 Ἀλέξανδρος
694 4241 739 4291 καὶ
768 4236 824 4308 πρὸ
854 4232 941 4291 αὑτοῦ
971 4236 1083 4307 ἐφέρετο
1115 4237 1146 4290 ἐν
1176 4243 1235 4298 ταῖς
1263 4235 1366 4307 μάχαις

136 4321 248 4376 Antan.
267 4320 351 4378 Anah.
370 4322 408 4378 Vl
427 4327 478 4390 9,3.

193 4423 279 4474 Kamai,
293 4424 454 4477 Epigrammata
467 4435 550 4477 grasu-
1146 4406 1160 4460 b
