3254 5048
629 411 660 467 V.
686 417 895 483 prcscynemsts.
1312 416 1373 485 427

231 577 379 636 Balbillee
398 597 462 638 esse
483 580 664 657 epigramma
683 582 803 642 corriscit
821 584 986 656 Letronne,
1013 594 1042 644 et
1070 606 1140 646 sens
1164 587 1268 647 mulier
1292 589 1375 665 loqui

131 672 270 731 'ridetur
295 671 415 731 dearum
442 674 623 749 qusrundsm
648 677 798 749 sacerdos,
829 696 952 752 querum
977 680 1006 737 in
1031 681 1154 757 gratiam
1185 682 1316 758 postulet
1340 691 1373 742 ut

156 784 258 824 sonum
279 766 346 824 edet
364 766 510 827 Memnon.
525 772 605 828 -Α
627 769 749 829 sinistra
768 770 843 829 alter
863 772 919 830 fuit
938 773 1040 831 titulus
1061 775 1293 849 quattuordecim
1314 777 1374 835 iere

155 860 256 935 eisque
280 859 464 921 brevioribus
491 863 621 921 versibus
647 863 837 941 perscriptus,
864 885 950 942 quem
978 868 1127 926 metricum
1158 867 1245 928 fuisse
1270 872 1374 930 docent

159 954 248 1014 verbe
267 944 330 1014 ἰδάν
349 953 391 1030 (ι’.
405 955 438 1031 4)
458 961 489 1014 et
508 946 651 1037 ἄμβροτος
675 957 717 1034 (v.
736 958 791 1035 1⁶2).

662 1124 861 1136 -——

161 1297 252 1359 1015.
281 1300 412 1376 Memphi
431 1302 461 1360 in
482 1322 575 1381 ungue
594 1303 838 1382 Androsphingis.
870 1306 903 1364 G.
924 1304 948 1363 1.
962 1304 1040 1364 4700
1059 1303 1125 1363 coll.
1140 1304 1219 1365 Add.
1241 1325 1271 1382 p.
1291 1304 1373 1365 1187.
1491 1298 1499 1304 ’

287 1425 349 1491 Str
372 1425 475 1507 δέμας
497 1423 661 1512 ἔκπαγλον
683 1428 800 1507 τεῦξαν
825 1429 902 1495 θεοὶ
925 1423 997 1495 αἰὲν
1020 1426 1139 1515 ἐόντες,

373 1526 571 1614 φεισάμενοι
591 1526 701 1616 χώρης
723 1533 804 1616 πυρὶ
827 1531 1068 1617 δαμαζομένρς,

284 1628 319 1706 ἒς
340 1627 443 1711 μέσον
464 1623 662 1708 εὐθύναντες
684 1629 881 1718 άρουραίοιο
903 1630 1081 1720 τραπέζης,

239 1777 245 1789 .
373 1722 477 1818 νήσου
492 1730 655 1819 πετραίρς
679 1730 819 1814 ψαμμδν
840 1725 1069 1814 ἀπωσάμενοι.

222 1835 242 1900 5
286 1830 417 1915 γείτονα
440 1830 638 1917 πυραμίδων
658 1832 752 1919 τοίην
774 1832 882 1897 θέσαν
904 1828 1138 1918 είςσράασθαι,

285 1923 326 1997 σε’)
347 1931 407 2020 τὴν
434 1928 625 1998 Οἰδιπόδαο
647 1932 878 2019 βροτοκτόνον,
903 1927 947 2010 ὡς
969 1930 1026 2003 ἐπὶ
1052 1929 1191 2021 Θήβαις,

374 2035 416 2121 τῇ
438 2033 476 2100 δὲ
498 2036 565 2121 θεᾷ
587 2036 703 2120 Λητοῖ
726 2032 923 2119 πρόσπολον
945 2028 1136 2119 άγνοτάτνγν,

283 2134 355 2221 τὴν]
379 2133 604 2222 ἐπιτηροῦσαν
626 2134 868 2221 πεποθιγμένσν
890 2130 1014 2199 ἐσθλὸν
1026 2124 1187 2220 Ὄσεεριν,

285 2231 382 2321 γαίης
403 2230 598 2319 Αἰγύπτοιο
623 2231 805 2317 σεβάσμιον
827 2229 989 2326 ἦγεγτῆρα,

203 2341 243 2405 10
286 2331 412 2420 ἔξοχον]
438 2328 641 2421 οὐρανί[ον]ν,
664 2331 923 2423 μεγα[λή]τσ[ρα
946 2382 955 2398 .
980 2382 988 2398 .
1014 2383 1022 2398 .
1046 2323 1059 2398 J
1080 2382 1088 2398 .
1114 2384 1122 2399 .
1146 2384 1153 2400 .

286 2431 414 2502 εἴκελον
432 2430 608 2520 Ἡφαίστω
633 2483 1169 2501 .................

286 2532 335 2614 εἰς
357 2533 437 2602 ὅταν
459 2530 613 2624 ὥκε[αν]σ
638 2585 1170 2604 .................

287 2637 322 2715 ἐς
343 2643 441 2725 γαῖαν
464 2685 1169 2704 ......................

609 2735 795 2829 Ἀρριανὸς.

236 2880 254 2938 2
279 2894 549 2938 ηΥΡιΔΑεοΑΖοΜΕΝῑ
573 2881 649 2956 quod
679 2881 729 2957 qui
760 2881 860 2959 lsfflrnt
889 2870 989 2959 nuptis
1019 2876 1176 2957 μαζνμάης
1204 2880 1375 2958 (Letronne)

79 3006 83 3010 ·
159 2974 205 3031 vel
226 2966 314 3052 nupid'
337 2969 514 3052 δμαζεμένης
528 2973 650 3050 (Franz)
671 2995 706 3033 ne
727 2976 786 3051 ipsi
806 2976 922 3052 quidem
943 2975 1037 3034 sciunt
1057 2974 1203 3050 quomodo
1223 2974 1376 3052 explicent.

161 3067 215 3125 Cui
236 3066 365 3146 parcitur
384 3076 487 3138 terrae,
506 3087 541 3124 ee
561 3065 672 3141 aliquid
693 3069 740 3145 vel
760 3086 849 3144 passe
869 3087 933 3127 esee
953 3068 998 3126 vel
1019 3067 1081 3142 pati
1102 3067 1159 3124 dici
1180 3069 1274 3143 debet,
1299 3073 1376 3130 unde

160 3158 213 3215 etsi
234 3158 353 3216 metrico
373 3159 444 3215 vitio
464 3158 580 3217 diffidas
607 3169 703 3218 temen
725 3154 786 3240 πυρὶ
807 3157 1000 3239 δεμεζεμένης
1020 3178 1120 3236 verum
1140 3164 1302 3236 putaverim
1323 3175 1376 3223 ter·

160 3269 209 3308 rae
230 3250 368 3309 caloribus
387 3252 525 3309 εαίνσσισε.
566 3251 607 3309 Et
628 3269 699 3310 senc
719 3260 790 3329 epta
808 3263 871 3311 eret
892 3253 929 3310 ad
949 3252 1058 3310 celotes
1079 3254 1218 3312 arcendos
1245 3258 1376 3335 sphingis

160 3345 258 3422 imago
278 3344 370 3404 muris
389 3345 516 3422 undique
536 3344 727 3416 circumdem
747 3344 783 3404 cf.
805 3343 843 3403 sd
864 3343 898 3403 0.
920 3344 939 3400 Ι.
961 3345 1047 3402 4701.
1063 3377 1097 3386 -
1115 3345 1132 3401 3
1147 3335 1289 3425 άρεάριιιες
1308 3342 1375 3427 τρά-

161 3444 229 3508 πεζα
249 3438 300 3515 (de
319 3438 454 3498 sdiectivi
475 3455 579 3515 genere
598 3438 634 3498 ci.
655 3438 693 3496 sd
712 3439 805 3514 ίιροιο.
826 3438 892 3497 sid
914 3437 992 3494 inire
1016 3453 1044 3496 n
1062 3435 1160 3514 1029.)
1185 3446 1231 3498 est
1255 3460 1376 3518 campus

159 3552 312 3606 arenosus,
337 3534 413 3608 νῆσον
437 3525 561 3611 πετραίην
583 3535 703 3609 planum
728 3533 914 3608 quadram,
934 3534 964 3587 εἰν
988 3548 1044 3605 quo
1067 3532 1173 3604 positus
1198 3543 1238 3590 εει
1261 3536 1376 3593 Andro.
1497 3551 1498 3554 =

159 3630 275 3706 sphinx,
300 3633 377 3686 recte
406 3626 533 3704 explicet
557 3627 661 3686 Franz.
682 3661 719 3673 -
740 3629 757 3686 7
786 3625 891 3685 adtulit
914 3622 1062 3682 Letronne
1087 3620 1186 3701 Steph.
1208 3624 1278 3704 Byz.
1304 3646 1327 3688 s.
1347 3648 1375 3688 r.

160 3724 270 3798 Λητοῦς
296 3709 384 3796 utin,
410 3720 494 3802 μοῖρα
517 3719 679 3801 Μέμφεως,
711 3721 778 3781 καθ’
804 3710 834 3795 ἣν
859 3717 888 3778 si
913 3711 1064 3798 πυραμίδες
1090 3709 1137 3777 καὶ
1162 3721 1271 3794 Λητοῦς
1303 3711 1375 3802 ἱεράν.

161 3817 235 3878 Hinc
253 3833 373 3890 nomus,
399 3817 429 3873 in
450 3834 508 3891 quo
528 3814 696 3894 pyramides
717 3825 807 3886 erant,
829 3813 1011 3891 Letopolites
1030 3815 1195 3875 vocabatur.
1216 3846 1254 3858 —
1275 3815 1292 3874 8
1312 3833 1375 3876 τινε

160 3925 344 3970 ηιτιιεοεῑεει
370 3928 443 3970 corr.
469 3908 574 3968 Franz.
613 3908 682 3967 Non
703 3910 911 3986 quaesiverunt
935 3908 1123 3984 interpretes,
1149 3909 1266 3984 qualem
1291 3911 1376 3971 deam

159 4007 215 4066 sibi
234 4005 352 4064 tinxerit
373 4005 517 4063 Arrianus
537 4009 624 4080 poete
643 4004 810 4081 sphingem,
835 4020 976 4078 quaeres
996 3999 1130 4077 quemvis
1150 4002 1182 4060 in
1195 4004 1309 4063 infinite
1322 4026 1375 4064 nu·

159 4101 271 4159 minum
285 4099 498 4177 Aegyptiorum
518 4097 686 4157 confusione
705 4097 816 4156 lubrica
836 4097 886 4170 sit,
907 4106 1004 4154 tamen
1024 4093 1162 4154 hocloco
1184 4097 1303 4157 dubium
1317 4120 1374 4159 non

159 4203 204 4252 est
239 4193 309 4270 quin
334 4193 441 4271 sphinx
468 4191 555 4252 Isidis
577 4209 733 4269 personam
757 4191 897 4262 induerit3
927 4190 962 4247 cf.
987 4188 1067 4249 Plut.
1094 4190 1133 4247 Is.
1158 4199 1183 4249 et
1206 4190 1277 4252 Osir.
1298 4212 1321 4252 c,
1337 4191 1375 4249 52

98 4271 104 4279 ⁴
160 4278 210 4346 εἶσὶ
233 4279 291 4367 ’γάρ
317 4285 338 4346 εἰ
365 4278 419 4345 τδν
436 4277 567 4365 Ὄσιριν
591 4275 747 4366 άντικρυς
771 4273 861 4360 ἥλιον
885 4280 969 4343 εἶναι
992 4274 1038 4341 ναί
1063 4275 1248 4363 ὀνομάζεσθαι
1271 4280 1375 4366 Σείριον

159 4378 212 4459 ὑφ’
232 4369 369 4458 Ἑλλήνιον
390 4379 514 4454 λέγοντες
534 4425 542 4441 .
564 4422 571 4438 .
592 4424 599 4439 .
620 4369 668 4455 τὴν
687 4375 713 4439 δ’
727 4372 798 4439 Ἶσιν
817 4377 871 4461 ωίχ
890 4376 981 4457 ἑτέραν
1000 4379 1048 4453 τῆς
1067 4366 1189 4455 Σελήνης
1214 4372 1373 4461 atrapatin-
